3184 4900
746 342 922 396 ..11-

250 507 408 588 sententia
432 523 603 607 primariae
627 524 770 588 subiecta
796 523 886 602 ὅπως
912 523 962 587 vel
987 523 1032 601 άις
1057 543 1127 587 eum
1157 523 1360 589 coniunctivo
1390 532 1423 589 et

250 631 347 695 verbo
381 632 533 714 temporis
556 631 721 714 praeteriti
746 631 777 694 in
803 632 961 695 sententia
986 638 1116 713 regente
1145 630 1301 695 collocato
1335 638 1420 715 opta-

250 739 334 802 tivus
369 737 517 820 obliquus
551 758 608 821 pro
645 738 848 802 coniunctim
883 739 1005 822 positus
1038 744 1184 822 apparet.
1231 738 1280 801 Ex
1315 739 1422 804 verbis

251 844 393 926 curandi,
428 865 509 927 quae
533 866 630 931 supra
653 846 779 929 protuli,
814 844 900 928 apud
927 846 1096 909 Homerum
1124 852 1293 909 occurrunt
1326 847 1422 928 μέλει,

251 954 436 1035 σκέπτομαι,
461 952 682 1036 φυλάσσομαι,
708 953 883 1033 φράζομαι;
908 952 966 1017 sed
984 952 1094 1016 horum
1111 953 1279 1017 verborum
1304 952 1422 1017 nullum

251 1061 340 1137 ὅπως
366 1081 436 1125 cum
462 1060 637 1125 indicativo
661 1061 760 1124 futuri
784 1080 891 1125 seeum
917 1061 1015 1124 babet
1042 1062 1100 1125 nisi
1130 1061 1301 1142 φράζομαι,
1337 1060 1421 1142 quod

251 1167 341 1246 ὅπως
366 1186 435 1231 cum
460 1169 494 1230 κὲ
510 1174 549 1233 et
574 1166 749 1231 indicativo
774 1167 872 1231 futuri
906 1169 952 1231 bis
980 1169 1137 1250 sequitur:
1174 1168 1211 1231 ΙΙ.
1238 1168 1332 1231 XVII
1360 1168 1422 1230 144

251 1281 282 1339 et
307 1274 368 1340 Od.
392 1275 408 1337 I
436 1276 508 1341 tle.
556 1274 633 1339 Cum
659 1284 765 1339 autem
790 1275 823 1339 in
847 1277 1005 1339 sententia
1023 1275 1173 1359 primaria
1192 1275 1320 1339 verbum
1346 1282 1422 1338 tem-

233 1382 337 1473 'poris
361 1382 538 1465 praesentis
562 1383 613 1462 sit,
639 1382 719 1446 haee
743 1383 890 1466 exempla
916 1383 976 1446 huc
1000 1403 1061 1446 nrm
1086 1390 1243 1466 spectant.

357 1490 388 1553 5.
435 1489 542 1567 Quare
567 1488 793 1572 aggrediamur
817 1491 879 1553 iam
904 1488 945 1553 ad
970 1490 1204 1555 enuntiationes
1239 1510 1279 1554 ex
1318 1490 1423 1555 verbis

17 1634 27 1657 .
140 1670 144 1675 ὁ
251 1595 383 1661 timendi
407 1595 595 1680 pendentes,
643 1596 830 1661 Sententiae
861 1596 1014 1662 eiusmodi
1044 1603 1117 1662 suut
1147 1596 1422 1681 postulationem),

251 1722 333 1785 quae
358 1724 376 1767 a
402 1704 676 1768 coniunctionibus
700 1705 751 1784 μή,
777 1705 817 1781 μὴ
843 1704 892 1785 οὐ,
917 1704 962 1780 ὡς
986 1705 1036 1782 μή,
1065 1703 1156 1783 ὅπως
1185 1707 1224 1781 μὴ
1254 1703 1421 1786 incipiunt.

252 1809 365 1874 Modus
398 1811 560 1892 legitimus
590 1811 622 1875 in
651 1812 691 1877 iis
713 1810 818 1875 nudus
846 1811 1067 1875 coniunctivae
1092 1818 1149 1875 est.
1197 1811 1274 1874 Post
1298 1818 1423 1893 tempus

251 1918 458 2001 praeteritum
483 1924 588 1982 tamen
613 1919 799 2003 plerumque
822 1918 907 2003 apud
925 1920 1098 2003 scriptores
1115 1918 1308 1984 Graecorum
1334 1923 1423 2000 opta·

252 2025 335 2089 tirus
359 2025 506 2107 obliquus
524 2046 580 2110 pro
605 2027 808 2090 coniunctivo
825 2028 1013 2090 substitutus
1031 2034 1088 2106 est,
1113 2025 1197 2107 quod
1216 2030 1422 2109 praeceptum

253 2134 408 2197 Homerus
432 2152 556 2215 quoque
581 2132 824 2215 diligentissime
849 2134 964 2203 tenuit:
991 2155 1061 2198 nam
1085 2134 1230 2197 omuibus
1254 2132 1343 2212 locis,
1368 2133 1422 2212 qui

251 2239 313 2303 huc
347 2241 517 2323 pertinent,
552 2241 744 2306 auctoritate
777 2240 923 2305 codicum
958 2241 1147 2326 optimorum
1184 2239 1307 2304 duobus
1343 2237 1422 2303 locis

251 2347 380 2412 remotis
404 2347 622 2412 consentiente
647 2349 826 2431 optativum
851 2348 1012 2429 obliquum
1035 2346 1173 2428 admisit,
1199 2366 1301 2427 neque
1324 2346 1421 2410 ullum

251 2456 431 2539 exemplum
457 2454 651 2519 coniunctiri
685 2462 757 2539 post
790 2462 915 2539 tempus
949 2456 1154 2539 praeteritum
1187 2455 1302 2519 retenti
1336 2454 1429 2538 apud.

251 2582 321 2626 eum
346 2575 404 2627 est.
451 2562 559 2626 Verba
583 2561 716 2626 timendi
740 2570 858 2644 autem,
882 2583 964 2644 quae
988 2561 1074 2647 apud
1099 2562 1271 2625 Homerum
1296 2562 1420 2645 potissi-

251 2689 335 2733 mum
359 2670 389 2732 in
415 2687 472 2733 usu
496 2675 578 2750 sunt,
604 2676 677 2734 sunt
701 2671 808 2751 belom,
837 2672 905 2750 olm,
935 2669 1061 2751 tropon
1099 2670 1229 2734 verbum
1259 2673 1422 2748 φοβοῦμαι

250 2777 282 2840 in
296 2776 488 2841 carminibus
506 2777 682 2841 Homericis
699 2776 762 2842 rim
779 2776 937 2860 fugiendi,
959 2776 1098 2841 nondum
1112 2776 1270 2842 notionem
1288 2776 1420 2841 timendi

251 2883 358 2948 habet.
389 2883 525 2949 Omnino
543 2883 760 2968 septendecim
779 2885 840 2949 loci
856 2883 1015 2949 afferendi
1034 2891 1117 2964 sunt,
1136 2885 1249 2966 quibus
1267 2884 1422 2948 Homerus

251 2991 381 3056 verbum
400 2989 532 3055 timendi
550 2992 580 3055 vi
598 2992 748 3075 temporis
766 2992 930 3075 praeteriti
947 2993 1133 3055 instructum
1147 2992 1262 3074 posuit.
1288 2989 1370 3055 Vide
1382 2991 1421 3054 Il.

252 3098 279 3160 V
296 3099 371 3162 297.
396 3099 521 3176 Αἰνείας
539 3094 735 3176 δ’ἀπόρονσε
753 3101 815 3162 σὺν
831 3099 943 3163 ἀσπίδι
961 3100 1101 3177 coepisc
1126 3105 1243 3182 μακρῷ,
1255 3134 1298 3143 --
1312 3100 1421 3176 δείσας

251 3206 292 3283 μή
309 3205 378 3282 πώς
395 3206 425 3269 οἱ
441 3206 614 3285 ἐρυσαίατο
630 3208 744 3284 νεκρὸν
768 3205 898 3284 Ἀχαιοί.
925 3206 951 3269 V
968 3207 1043 3271 566.
1068 3208 1139 3285 περὶ
1156 3207 1216 3283 γὰρ
1234 3207 1281 3269 δίε
1297 3205 1422 3282 ποιμένι

251 3316 347 3387 λαῶν,
364 3349 405 3357 -
425 3312 464 3391 μή
489 3333 517 3376 τι
541 3313 646 3389 πάθοι,
660 3314 750 3392 ’μέγα
774 3315 809 3376 δέ
834 3329 923 3393 σφας
947 3314 1149 3393 ἀποσφήλειε
1172 3312 1296 3377 πόνοιο.
1343 3312 1421 3376 Cum

250 3417 425 3483 editoribus
449 3420 596 3503 praefero
622 3420 729 3495 πάθοι,
755 3421 922 3486 lectionem
948 3420 1092 3485 codicum
1118 3419 1322 3500 deteriorum,
1347 3420 1421 3482 seri-

250 3534 364 3610 ptume
388 3525 534 3591 eodieum
559 3529 759 3610 optimorum,
785 3530 839 3609 qui
856 3529 940 3612 πάθῃ
958 3528 1120 3608 exhibent,
1146 3535 1317 3612 propterea
1337 3525 1421 3609 quod

251 3633 407 3697 Homerus
441 3640 511 3717 post
545 3635 642 3698 verba
676 3635 809 3699 timendi
841 3637 871 3699 vi
902 3637 1053 3720 temporis
1082 3635 1246 3719 praeteriti
1274 3634 1422 3718 praedita

251 3740 428 3823 optativum
454 3741 613 3823 obliquum
638 3741 756 3823 ubique
791 3743 994 3807 coniunctivo
1027 3742 1179 3826 praetulit
1209 3749 1240 3806 et
1269 3741 1422 3806 facillime

250 3845 317 3909 ficri
342 3848 456 3930 potuit,
491 3853 525 3911 ut
559 3848 706 3912 librarius
730 3848 826 3913 πάθοι
861 3856 997 3913 mutaret
1029 3852 1060 3913 in
1096 3849 1189 3932 πάθῃ,
1236 3849 1267 3912 X
1291 3850 1344 3912 25.
1376 3849 1421 3925 ὣς

251 3951 388 4032 δἀὔτως
419 3955 588 4019 Μενέλαον
617 3955 670 4033 έχε
699 3957 829 4037 τρόμος,
863 3958 939 4020 οὐδὲ
967 3958 1028 4035 γὰρ
1056 3957 1143 4040 αὐτῷ
1168 3994 1210 4001 -
1235 3954 1337 4033 ὕπνος
1371 3956 1422 4019 ἐπὶ

252 4062 463 4140 βλεφάροισιν
486 4062 626 4145 ἐφίζανε,
663 4064 703 4141 μή
727 4085 756 4126 τι
780 4064 915 4126 πάθοιεν
940 4100 981 4108 -
1006 4062 1150 4141 Ἀργέιοι.
1197 4062 1304 4127 Verba
1328 4063 1369 4140 μή
1393 4083 1422 4124 τι

163 4231 165 4234 ,
251 4167 385 4233 πάθοιεν
409 4169 550 4253 pendent
575 4189 615 4234 ex
639 4170 691 4248 ἔχε
716 4171 843 4249 τρόμος.
892 4171 980 4234 Haec
997 4177 1046 4235 est
1061 4169 1282 4253 interpretatio
1298 4168 1422 4233 Dbder·

358 4400 384 4468 l)
403 4401 532 4454 Perraro
553 4402 721 4456 sententiae
740 4417 779 4455 ex
799 4402 901 4455 verbis
921 4401 1045 4455 timendi
1065 4405 1155 4468 aptae
1174 4401 1271 4453 torma
1290 4399 1421 4453 affirma·

250 4489 366 4542 tionum
393 4492 611 4559 exprimuntur.
649 4491 691 4546 Cf.
711 4490 834 4559 Κίλλα,
855 4489 954 4544 Gram.
976 4506 1053 4546 max.
1075 4489 1259 4556 §luidb—8.
