3184 4900
705 276 879 345 „or-

201 468 316 546 μοῖραν
340 467 565 547 ὑποσχόμενος
589 469 758 533 τελέσειεν.
791 469 887 533 'XIX
907 469 982 533 296.
1007 470 1065 533 τὸν
1090 467 1118 533 δ’
1143 470 1176 549 ἐς
1201 470 1371 547 Δωδώνην

201 575 286 654 φάτο
312 578 452 657 βήμεναι,
477 575 565 655 ὄφρα
589 580 677 639 θεοῖο
703 613 744 621 —
768 577 803 639 ἐκ
827 578 925 655 όρυὸς
950 577 1121 656 ὑψικόμοιο
1145 579 1227 655 Διὸς
1253 579 1372 656 βουλὴν

201 682 376 766 ἐπακούσῃ,
401 719 443 727 —-
468 682 582 760 ὅππως
607 684 777 760 νοστήσειε
807 686 906 762 φίλην
930 684 964 760 ἐς
988 686 1126 761 πατρίδα
1156 688 1317 760 γαῖαν-
1342 685 1372 760 ἢ·

201 794 239 866 δη
265 791 324 867 δήν
348 787 468 869 ἀπεών,
493 791 512 867 ἢ
537 789 689 868 ἀμφαδὸν
712 792 749 869 ήὲ
772 792 947 869 κρυφηδόν.
994 791 1152 874 Compara
1169 791 1253 855 hune
1268 792 1372 854 locum

202 912 272 959 cunr
297 895 357 960 bd.
382 884 459 960 XIV
485 897 559 975 321,
585 897 669 978 quod
695 898 874 983 exemplum
892 919 988 981 supra
1005 902 1047 981 (p.
1064 899 1119 977 21)
1138 897 1239 962 attuli.
1267 897 1373 962 Verba

201 1010 274 1067 sunt
291 1003 414 1082 eadem,
439 1011 660 1087 praeterquam
680 1004 763 1087 quod
788 1004 838 1069 bic
855 1007 1018 1089 optativus
1034 1006 1181 1086 obliquus
1203 1007 1372 1084 νοστήσειε

202 1118 234 1175 et
257 1110 301 1173 ibi
326 1110 547 1176 coniunctivus
571 1113 716 1195 νοστήσῃ
741 1113 878 1195 scriptus
903 1113 1029 1195 legitur.
1083 1175 1086 1182 ,
1236 1108 1240 1120 “

308 1216 342 1298 λι)
367 1219 428 1281 Pro
454 1219 656 1283 coniunctius
681 1218 861 1283 dubitativo
891 1219 1054 1303 optativus
1085 1220 1231 1302 obliquus
1260 1220 1292 1283 iu
1324 1219 1373 1284 bis

156 1354 157 1359 1
200 1326 503 1408 interrogationibus
527 1326 723 1410 simplicibus
747 1328 788 1391 ab
815 1327 950 1391 Homero
975 1326 1132 1393 admissus
1156 1334 1223 1391 est:
1264 1328 1301 1392 ll.
1324 1327 1371 1390 lll

202 1431 277 1495 316.
301 1434 439 1512 κλήρους
463 1434 499 1497 ἐν
522 1434 616 1518 κυνέῃ
641 1436 792 1512 χαλκήρεϊ
816 1435 941 1498 πάλλον
965 1435 1105 1515 ἑλόντες,
1130 1435 1371 1512 -ὁππότερος

202 1541 240 1617 δὴ
274 1540 418 1618 πρόσθεν
450 1540 546 1619 ἀφείη
579 1540 717 1619 χάλκεον
750 1541 855 1620 ἔγχος.
908 1541 1156 1619 Delbrtickiusll
1192 1541 1371 1625 exemplum

202 1646 334 1711 allatum
358 1649 497 1729 itemque
521 1647 558 1713 lt.
583 1648 615 1711 X
631 1649 706 1730 503,
732 1649 810 1712 XIV
827 1647 903 1737 όίλί,
928 1648 1007 1712 XVI
1023 1649 1088 1712 283
1118 1649 1177 1712 sub
1206 1649 1372 1712 sententiis

202 1755 345 1820 relativis
369 1756 521 1819 orationis
545 1756 694 1837 obliquae
712 1756 827 1839 posuit.
877 1755 1053 1820 Confitetur
1069 1762 1174 1820 autem
1192 1757 1261 1839 ipse
1278 1775 1371 1820 seusu

201 1863 387 1943 sententias,
424 1862 465 1926 de
489 1862 603 1944 quibus
627 1862 679 1927 hle
703 1869 828 1945 agatur,
865 1864 995 1947 propius
1023 1849 1250 1927 accederead
1279 1863 1372 1926 inter-

201 1970 385 2052 rogationes
420 1968 575 2050 obliquas.
632 1970 667 2031 ln
702 1970 840 2046 κλήρους
874 1968 1000 2033 πάλλον
1035 1950 1288 2034 subaudiendum
1324 1976 1372 2032 est

205 2076 362 2160 „sortibus
380 2075 589 2140 consulebant
613 2074 653 2140 de
677 2074 785 2156 aliqua
803 2079 869 2157 re“‚
895 2075 979 2156 quod
1005 2077 1134 2139 verbum
1159 2075 1288 2140 dicendi
1313 2082 1371 2138 est.

202 2182 253 2246 Ex
286 2182 382 2247 verbo
417 2181 545 2247 dicendi
579 2189 695 2264 autem,
729 2183 756 2248 si
790 2182 867 2264 quid
903 2184 1128 2265 interrogatur,
1164 2182 1372 2264 interrogatio

202 2290 331 2372 obliqua
354 2289 484 2373 pendet.
531 2289 567 2352 In
601 2288 731 2370 reliquis
764 2289 921 2373 exemplis
953 2289 1054 2354 tribus
1086 2289 1184 2353 verba
1214 2287 1372 2353 sentiendi

204 2397 403 2479 (μερμηρίζω,
437 2396 619 2477 παπταίνω)
658 2386 775 2461 insunt.
822 2397 936 2479 Neque
970 2417 1045 2462 vcro
1080 2406 1136 2474 est,
1171 2416 1226 2461 cnr
1258 2416 1297 2461 ea
1321 2396 1373 2460 hic

204 2526 267 2569 non
301 2525 466 2589 ponamus.
514 2504 696 2569 Conferatis
730 2505 766 2568 ll.
800 2505 832 2567 X
855 2506 930 2568 503.
962 2505 1105 2582 αὐτάρό
1136 2505 1301 2583 μερμήριζε
1319 2505 1373 2582 μέ·

203 2603 283 2695 νων,Δ
309 2612 358 2676 ὅτι
387 2613 543 2676 κύντατον
570 2611 665 2691 ἔρδοι.
712 2611 789 2675 XIV
808 2614 870 2677 5οΊ
891 2642 924 2663 =
942 2612 1019 2675 XVI
1036 2612 1112 2676 283.
1142 2612 1308 2688 πάπτηνεν
1338 2613 1372 2675 δὲ

203 2722 348 2799 ἕκαστος,
377 2719 440 2803 όπῃ
470 2719 569 2798 φύγοι
597 2720 693 2783 αἰπὺν
721 2718 903 2799 ὄλεθρονῖ).
952 2718 1044 2783 Adde
1073 2718 1210 2801 deanue
1238 2718 1299 2783 Od.
1323 2718 1372 2782 XI

204 2828 278 2893 229.
304 2827 404 2905 αὐτὰρ
429 2827 492 2903 ἐγὼ
518 2826 682 2905 βούλευον,
706 2808 796 2903 ὅπως
822 2827 939 2904 ἐρέοιμι
963 2826 1111 2903 ἑκάστην.

309 2934 339 2997 2.
387 2932 657 3016 Interrogationes
681 2933 831 3015 obliquae
855 2931 1067 2996 ullsiunctivae
1091 2930 1178 3016 apud
1202 2931 1371 3023 Homerum

202 3063 222 3106 a
250 3040 525 3107 coniunctionibus
553 3040 682 3120 ἢ-ήέ,
711 3040 825 3117 ἣ-ή,
855 3040 975 3117 ἠὲ-ἤ
1009 3038 1261 3119 exordiuntur).
1308 3039 1372 3103 Πό·

202 3169 297 3227 τερον
321 3148 466 3228 (πότερα)
480 3184 512 3192 -
530 3147 560 3227 ή,
585 3147 703 3224 εἰ-ή,
728 3167 808 3229 quas
824 3147 1063 3211 coniunctiones
1084 3146 1256 3229 scriptores
1273 3147 1370 3210 Altior
1434 3162 1437 3166 ·

203 3257 256 3338 qui
278 3255 426 3319 dicuntur
449 3273 602 3337 usurpare
625 3254 738 3334 solent,
761 3254 920 3317 Homerus
936 3252 1075 3316 nondum
1092 3254 1219 3317 novisse
1235 3252 1371 3317 videtur.

204 3361 411 3442 Είτε-είτε,
436 3382 456 3425 a
480 3381 543 3442 qua
567 3361 789 3425 coniunctione
814 3360 973 3425 interdum
996 3361 1176 3425 sententiae
1200 3362 1373 3443 interroga·
1431 3429 1435 3432 ,

203 3470 289 3533 λίνοιο
312 3469 478 3552 incipiunt,
504 3469 535 3532 in
560 3469 753 3532 carminibus
781 3467 958 3532 Homericis
986 3467 1175 3548 aliquotiens
1199 3466 1372 3531 admissum

203 3582 261 3641 est.
309 3574 357 3639 Cf.
384 3575 421 3638 ll.
446 3574 538 3639 165.
568 3573 629 3638 Οά.
655 3574 703 3637 III
732 3574 785 3638 90.
834 3569 1005 3638 Veniamus
1029 3575 1107 3638 iam
1126 3572 1168 3637 ad
1202 3572 1372 3638 afferenda

203 3770 415 3780 ...μ-..μ

312 3892 338 3955 1)
358 3889 401 3945 Cf.
426 3889 631 3957 Delbrtick,
661 3890 723 3943 Der
748 3889 910 3944 Gebrauch
935 3890 987 3944 des
1012 3888 1097 3957 Oonj.
1123 3905 1150 3943 u.
1172 3883 1310 3959 optatius
1332 3892 1370 3943 tm
1425 3891 1428 3894 ’

203 3977 342 4036 Sanskrit
361 3994 389 4031 u.
409 3978 528 4033 Griecl1.
548 3995 575 4047 p.
595 3978 655 4032 249.

310 4068 338 4136 2)
357 4068 441 4121 Haec
470 4069 576 4122 eadem
605 4069 698 4122 verba
727 4070 921 4123 eontinentur
951 4069 1005 4123 Od.
1031 4068 1117 4122 XXII
1135 4069 1178 4122 43.
1217 4067 1276 4123 Sed
1305 4085 1372 4123 curn

203 4159 339 4227 plerique
358 4157 477 4210 codices
498 4158 577 4211 htrnc
597 4173 716 4210 versum
732 4159 894 4225 omiserint,
915 4160 979 4212 eius
998 4160 1075 4212 ratio
1090 4174 1151 4212 non
1164 4158 1306 4212 habenda
1319 4166 1371 4213 est.

310 4246 338 4312 3)
359 4244 475 4300 Cauer
499 4246 608 4308 (Praef.
627 4246 660 4299 Il.
679 4262 707 4315 p.
728 4246 849 4310 XLVII)
874 4248 1012 4301 licentius
1037 4248 1108 4300 mibi
1132 4249 1230 4315 egisse
1255 4248 1373 4302 videtur

205 4336 308 4392 dicens
327 4336 382 4387 sic:
405 4334 502 4404 „Inter
521 4336 538 4401 ή
560 4338 591 4403 et
609 4337 626 4400 ή
647 4336 702 4404 (ἠέ)
721 4353 782 4390 non
804 4337 969 4390 seeundum
990 4338 1108 4390 codices
1123 4337 1256 4405 diffluxi,
1275 4338 1373 4391 sedin

203 4425 493 4494 Interrogationibus
512 4426 695 4495 simplicibus
715 4427 820 4496 scrtpsi
839 4427 865 4492 ἦ,
886 4428 916 4480 in
937 4427 1127 4480 disiunctiuis
1145 4430 1172 4494 ἤ,
1193 4427 1226 4491 ήέ
1246 4427 1317 4479 etc.“
