3184 4900
2433 89 2525 140 stim

2036 204 2054 232 ³
2425 184 2493 212 ...t

1630 303 1650 313 q
2032 277 2043 289 .
2313 256 2324 285 x
2364 241 2593 293 &ff-t..
2657 285 2665 297 ,
2751 269 2753 271 -

1451 343 1517 356 -
1594 315 1660 370 ιι
1737 344 1805 354 -
2041 297 2092 366 κ
2701 248 2757 373 ιᾧ

2093 344 2372 461 ’ἓξὲξ
2388 395 2425 433 -ι-
2449 353 2700 453 ρξ’-’Ψ

453 518 592 562 cum
629 495 728 580 ἄν,
779 494 1163 561 indicativus
1197 495 1417 560 aoristi
1453 515 1595 559 cum
1632 495 1711 558 ἂν
1747 494 1952 559 locum
1988 492 2245 558 habent.
2341 492 2531 577 Apud
2566 494 2796 559 Home·

451 626 587 669 rum
636 601 891 687 quidem
939 603 1193 669 accedit
1243 603 1687 667 coniunctivus
1722 601 1929 666 nudus
1977 601 2077 666 vel
2128 621 2269 666 cum
2304 602 2384 665 ἂν
2422 602 2797 667 coniunctus

452 734 565 796 pro
614 713 847 777 futuro.
942 712 1016 775 In
1082 710 1691 792 interrogationibus
1757 709 2030 790 obliquis
2096 729 2177 773 ex
2238 710 2433 774 verbo
2492 709 2798 792 temporis

454 819 782 903 praeteriti
832 816 1262 902 pendentibus
1312 838 1424 900 pro
1472 816 1825 880 indicativo
1875 823 1938 879 et
1972 815 2404 899 con-iunctim,
2455 818 2648 880 etiam
2683 837 2796 900 pro

453 927 857 990 coniunctivo
906 925 1260 1009 particulae
1309 924 1388 987 ἂν
1435 925 1670 1006 iunct0‚
1720 923 2016 988 substitui
2066 923 2219 988 licet
2252 924 2606 1007 optativum
2642 924 2797 988 obli·

453 1054 660 1115 quum.
756 1034 1299 1115 Interiogationes
1370 1032 1669 1113 obliquae
1743 1031 1955 1096 v·e1bis
2022 1030 2278 1096 dicendi
2348 1039 2411 1095 et
2477 1031 2797 1095 sentiendi

452 1141 876 1226 applicantur.
975 1141 1434 1205 Discernuntur
1493 1146 1703 1203 autem
1754 1138 1817 1202 in
1881 1139 2415 1256 interrogationes
2474 1138 2797 1224 simplices

454 1255 518 1313 et
566 1248 1102 1330 interrogationes
1150 1245 1588 1310 disiunctivas.

673 1358 727 1419 1.
823 1356 897 1417 In
946 1353 1555 1455 interrogationibus
1604 1352 1999 1436 simplicibus
2048 1353 2353 1418 orationis
2387 1353 2683 1434 obliquae
2718 1375 2798 1418 ex

455 1463 663 1527 verbis
711 1460 1014 1544 temporis
1068 1460 1398 1544 praeteriti
1466 1458 1634 1542 aptis
1701 1459 1781 1522 ab
1832 1459 2109 1523 Homero
2176 1460 2557 1542 aliquotiens
2624 1459 2796 1524 modi

453 1568 757 1633 orationis
826 1577 1040 1632 rectae
1089 1604 1172 1612 —
1221 1567 1261 1630 i.
1313 1586 1369 1630 e.
1420 1565 1828 1647 indicativus,
1896 1565 2339 1630 coniunctivus
2403 1588 2517 1651 pro
2582 1567 2797 1631 futuro

453 1676 788 1754 admissus,
840 1675 1164 1759 optativus
1199 1694 1338 1738 cum
1389 1674 1469 1737 ἂν
1518 1675 1895 1738 coniunctus
1926 1710 2012 1718 —
2045 1673 2283 1737 servati
2317 1681 2491 1754 sunt3
2541 1675 2799 1758 saepius

454 1791 667 1848 tamen
716 1782 1044 1867 optativus
1093 1780 1390 1862 obliquus
1437 1801 1551 1865 pro
1600 1779 1952 1845 indicativo
2001 1789 2065 1845 et
2100 1781 2505 1846 coniunctivo
2554 1782 2799 1866 positus

455 1896 568 1954 est.
662 1891 882 1956 Nexus
948 1889 1404 1954 sententiarum
1472 1886 1749 1953 efficitur
1815 1887 2260 1952 coniunctione
2317 1889 2370 1951 εἰ
2424 1889 2560 1954 sive
2608 1890 2645 1967 ἢ
2698 1890 2796 1954 vel

455 1996 928 2080 pronominibus
979 2002 1043 2060 et
1090 1993 1415 2060 adverbiis
1462 1993 1961 2077 interrogativis.

668 2109 732 2182 a)
779 2102 1357 2184 Interrogationum
1392 2100 1789 2182 obliquarum
1824 2101 2225 2185 simplicium3
2273 2102 2337 2164 in
2371 2103 2599 2184 quibus
2642 2103 2801 2167 indi-

456 2211 703 2274 cativus
736 2209 1042 2274 orationis
1075 2217 1289 2273 rectae
1323 2215 1606 2274 retentus
1640 2215 1757 2291 est,
1808 2209 2061 2272 omnino
2095 2207 2460 2291 quindecim
2503 2210 2799 2294 exempla

456 2318 707 2400 collegi.
779 2316 942 2381 Sunt
975 2322 1187 2381 autem
1220 2316 1295 2379 ΙΙ.
1331 2316 1395 2379 II
1427 2316 1578 2379 409.
1627 2317 1774 2400 ᾔδεε
1806 2315 1926 2395 γὰρ
1959 2315 2119 2379 κατὰ
2150 2317 2352 2394 θυμὸν
2385 2315 2709 2395 ἀδελφεόν
2730 2320 2797 2398 ¹),

458 2424 546 2503 ὡς
597 2425 911 2489 ἐπονεῖτο.
1006 2424 1269 2489 Latine:
1341 2423 1628 2509 „sciebat
1683 2423 1850 2487 enim
1904 2423 1971 2487 in
2018 2423 2227 2488 animo
2275 2442 2408 2506 suo,
2481 2430 2551 2489 ut
2599 2424 2800 2491 frater

458 2530 815 2597 laboraret“
889 2535 1035 2612 (non
1090 2532 1388 2613 „fratrem
1438 2531 1823 2604 laborare“).
1918 2531 2186 2597 Prorsus
2234 2531 2422 2596 aliter
2469 2539 2680 2597 autem
2729 2553 2799 2599 se

458 2638 673 2721 habet,
743 2637 957 2721 cred0,
1025 2640 1099 2702 Il.
1152 2639 1213 2701 II
1267 2639 1412 2702 194.
1475 2638 1546 2703 ἑν
1596 2641 1793 2721 βουλῇ
1856 2635 1911 2701 δ’
1972 2638 2048 2702 οὐ
2104 2637 2341 2715 πάντες
2408 2637 2796 2722 ἀκούσαμεν,

459 2745 598 2810 οἶον
656 2745 846 2811 ἔειπε.
941 2746 1106 2811 Nam
1154 2747 1207 2811 si
1260 2752 1679 2811 verteremus:
1735 2746 1835 2824 „in
1885 2746 2148 2811 consilio
2195 2767 2322 2810 non
2354 2767 2573 2812 omnes
2619 2748 2798 2813 audi-

461 2854 682 2928 vimus,
733 2852 885 2934 quid
934 2851 1244 2934 diceret“‚
1295 2852 1478 2918 nobis
1527 2852 2022 2918 existimandum
2082 2859 2252 2918 esset
2298 2860 2411 2918 aut
2458 2854 2795 2938 Agamem-

458 2981 683 3025 nonem
734 2962 1180 3045 imperatorem
1229 2961 1742 3051 remissiusesse
1792 2961 2069 3024 locutum
2118 2967 2227 3025 aut
2277 2962 2506 3028 multos
2565 2963 2798 3029 milites

459 3066 684 3131 surdos
753 3066 982 3148 fuisse3
1054 3073 1390 3149 utrumque
1460 3074 1671 3131 autem
1743 3088 1870 3132 non
1942 3068 2282 3132 verisimile
2353 3074 2467 3133 est.
2564 3070 2799 3135 Versus

459 3175 691 3240 allatus
738 3176 935 3259 igitur
982 3175 1076 3240 sic
1123 3176 1276 3240 mihi
1324 3174 1691 3241 reddendus
1724 3195 1863 3241 esse
1896 3175 2179 3240 videtur:
2235 3176 2338 3261 „in
2375 3176 2639 3242 consilio
2672 3198 2797 3242 non
2839 3210 2844 3216 ·

459 3302 676 3347 omnes
724 3284 1090 3366 accepimus
1139 3281 1333 3365 [tale]‚
1407 3282 1592 3363 quale
1642 3279 1869 3363 dixit“,
1944 3283 1984 3345 i.
2035 3302 2089 3347 e.
2148 3303 2275 3346 non
2332 3303 2546 3348 omnes
2604 3285 2799 3349 verba

459 3389 596 3453 eius
652 3395 826 3454 recte
882 3389 1249 3473 accepimus
1267 3391 1332 3469 2).
1426 3390 1556 3453 Res
1616 3390 1670 3454 si
1726 3390 1817 3453 ita
1875 3408 1942 3454 se
2002 3388 2216 3472 habet,
2284 3392 2600 3455 sententia
2655 3390 2797 3455 οἷον

462 3496 632 3560 ἔειπε
681 3502 777 3561 est
825 3496 1217 3561 enuntiatum
1267 3498 1602 3562 relativum
1653 3497 1958 3561 orationis
2006 3504 2241 3563 rectae.
2275 3533 2361 3544 —-
2395 3498 2537 3563 Huc
2585 3506 2797 3564 autem

460 3604 814 3688 pertinent:
862 3604 959 3668 XI
1008 3605 1156 3669 649.
1207 3604 1456 3684 αἰδοῖος
1505 3605 1881 3684 νεμεσητός,
1931 3604 1968 3668 ὅ
2017 3626 2090 3683 με
2138 3606 2412 3683 προέηκε
2460 3606 2795 3687 πυθέσθαι,

457 3747 543 3756 -—
592 3710 670 3773 ὅν
717 3732 858 3774 τινα
904 3714 1137 3774 τοῦτον
1185 3710 1360 3789 ἄγεις
1413 3712 1823 3789 βεβλημένον.
1917 3711 2046 3774 XII
2080 3711 2186 3775 58.
2236 3709 2365 3775 ἕνθ’
2416 3711 2492 3775 οὔ
2541 3734 2649 3777 κεν
2681 3713 2798 3791 ῥέα

455 3815 654 3895 ἵππος
703 3816 1013 3896 ἐύτροχον
1070 3816 1237 3896 ἅρμα
1291 3819 1589 3882 τιταίνων
1638 3856 1715 3863 -
1772 3819 2028 3896 ἐσβαίη·
2078 3820 2255 3885 πεζοὶ
2315 3820 2385 3882 δὲ
2442 3820 2795 3901 μενοίνεον,

458 3925 511 3988 εἰ
557 3926 867 3993 τελέουσι.
962 3925 1271 3990 Τελέουσι
1320 3931 1416 3990 est
1463 3925 1670 3992 forma
1715 3925 2048 3991 indicativi
2107 3926 2389 4006 futuriss).
2482 3928 2679 3992 Πεζοὶ
2728 3930 2797 3992 δὲ

673 4101 726 4163 1)
764 4102 1069 4167 Ἀδελφεόν
1118 4108 1207 4155 est
1254 4103 1604 4171 anticipatio
1661 4104 1982 4169 (πρόληψις)
2041 4117 2198 4171 quae
2238 4103 2475 4157 dicitur.
2549 4102 2798 4174 Proprie

457 4190 729 4256 ἀδελφεὸς
768 4191 1106 4243 subiectum
1148 4192 1208 4243 in
1248 4192 1548 4245 sententia
1588 4192 1889 4261 pendente
1929 4207 2061 4246 esse
2100 4192 2376 4247 debebat.

671 4279 726 4344 2)
767 4279 932 4332 Haec
975 4281 1274 4333 sententia
1319 4281 1583 4334 efficitur
1624 4282 1922 4335 vocabulo
1962 4281 2103 4335 οἷον.
2179 4280 2240 4335 Si
2280 4287 2460 4352 pocta
2509 4298 2619 4351 pro
2672 4282 2797 4337 οἷον

457 4369 794 4437 scripsisset
832 4370 935 4435 ὅτι,
982 4370 1361 4423 enuntiatum
1401 4372 1558 4424 esset.
1596 4372 2012 4440 interrogatio.

673 4458 725 4522 3)
764 4457 1060 4512 Homerus
1102 4460 1433 4529 optativum
1478 4461 1681 4528 futuri,
1723 4461 1827 4528 qui
1864 4475 2100 4529 semper
2139 4465 2197 4514 et
2224 4461 2449 4527 ubique
2490 4463 2795 4529 optativus

2443 4550 2477 4613 2
