3184 4900
734 340 910 402 —13-

237 526 386 594 Ceterum
410 528 643 609 αἰσχυνόμενος
660 529 720 595 hec
741 532 813 596 lccc
837 531 967 616 propius
983 529 1025 595 ad
1042 531 1105 595 vim
1122 529 1254 595 verendi
1271 529 1407 596 accedit.
1460 602 1461 605 ς
1566 532 1567 535 ’

238 637 286 700 XI
311 637 384 702 633.
411 637 465 717 ἐμὲ
490 640 524 701 δὲ
549 640 677 717 χλωρὸν
702 640 776 717 δέος
801 640 880 721 ᾔρει,
898 675 939 684 ——
957 639 997 717 μή
1022 659 1074 716 μοι
1093 638 1242 717 Γοργείην
1266 639 1410 717 κεφαλὴν

238 748 358 808 δεινοῖο
391 745 539 824 πελώρου
563 746 668 811 -έξ
703 746 815 809 Ἀίδεω
848 747 1003 824 πέμψειεν
1035 745 1138 824 ἀγαυὴ
1171 736 1410 825 Περσεφόνεια.

239 850 315 914 XVl
346 852 417 915 179.
443 852 606 931 ταρβήσας
631 850 802 932 δ’ἑτέρωσε
828 852 897 931 βάλ’
923 851 1057 933 ὄμματα,
1082 855 1122 931 μὴ
1140 854 1214 929 θεὸς
1232 852 1288 929 εἴη.
1328 851 1410 915 XIX

238 956 313 1020 390.
343 958 454 1022 αὐτίκα
487 960 547 1038 γάρ
575 961 655 1023 κατὰ
679 963 780 1038 θυμὸν
804 959 928 1039 ὀίσατο,
964 961 1005 1039 μή
1030 960 1045 1023 ἑ
1070 963 1216 1039 λαβοῦσα
1240 996 1283 1005 -
1309 956 1410 1037 οὐλὴν

239 1063 469 1143 ἀμφράσσαιτο
487 1068 537 1130 καὶ
554 1066 688 1145 ἀμφαδὰ
705 1066 782 1146 έργα
800 1068 935 1144 γένοιτο.
981 1067 1156 1132 Rarissime
1173 1050 1269 1132 verbe
1286 1066 1410 1130 οἴεσθαι

239 1171 288 1236 ris
308 1172 440 1237 timendi
468 1175 612 1239 subiecta
641 1181 705 1255 est3
739 1175 935 1258 plerumque,
961 1180 994 1238 ut
1024 1194 1119 1258 supra
1150 1174 1298 1256 diximus,
1325 1174 1411 1238 valet
1495 1222 1498 1225 x
1585 1178 1586 1247 ζ

240 1283 362 1363 putare,
387 1280 546 1345 interdum
570 1282 736 1366 suspicari,
761 1302 824 1363 qua
848 1302 888 1346 ex
912 1280 1145 1364 significatione
1169 1281 1307 1346 efficitur
1323 1279 1411 1345 nctlc

241 1390 273 1448 et
297 1387 447 1471 sperandi
483 1395 515 1453 et
543 1386 684 1454 timendi.
733 1387 827 1465 Quod
860 1387 1059 1473 suspicamur
1095 1394 1149 1452 aut
1182 1386 1304 1470 aliquid
1337 1384 1413 1452 beni

166 1524 169 1531 ·
241 1499 297 1556 aut
331 1493 452 1575 aliquid
485 1496 560 1560 mali
594 1501 652 1563 est.
710 1496 842 1576 Bonum,
874 1495 960 1577 quud
994 1497 1202 1580 suspicamur,
1235 1514 1411 1579 speramus,
1454 1526 1457 1535 ι

241 1599 357 1664 malum
383 1610 499 1685 autern,
533 1602 618 1685 qued
642 1604 851 1688 suspicamur,
883 1605 1038 1668 timemus
1085 1603 1218 1667 Οἴεσθαι
1246 1604 1287 1681 μὴ
1315 1602 1413 1685 igitur
1512 1606 1516 1615 ’

242 1707 402 1791 significat
429 1709 561 1788 „timere
577 1708 649 1775 ne“.
697 1710 778 1774 XXI
795 1711 870 1775 285.
896 1712 926 1774 οἳ
950 1708 1043 1789 δ’ἀρα
1067 1711 1186 1788 πάντες
1204 1709 1434 1789 ὑπερφιάλως·

228 1815 426 1894 ,νεμέσησαν
458 1854 497 1862 -
527 1819 703 1895 δείσαντες,
737 1820 777 1896 μὴ
808 1819 903 1884 τόξον
932 1818 1045 1883 ἐύξοον
1069 1817 1284 1881 ἐντανύσειεν.
1330 1814 1412 1879 XXI

242 1921 317 1987 393.
342 1922 361 1986 ὁ
386 1921 475 2003 δ’ἤδη
500 1926 595 1992 τόξον
619 1926 727 2004 ἐνώμα
750 1963 791 1971 -
817 1926 920 2008 πάντῃ
945 1925 1181 2004 ἀναστρωφῶν,
1214 1923 1411 2002 πειρώμενος
1585 1992 1586 1995 ς

243 2029 320 2093 ἔνθα
344 2032 393 2094 καὶ
417 2030 502 2108 ἔνθα,
527 2070 567 2078 -
593 2035 633 2111 μὴ
657 2034 733 2112 κέρα
762 2031 833 2111 ἶπες
866 2033 970 2097 ἔδοιεν
1002 2031 1230 2110 ἀποιχομένοιο
1263 2029 1412 2108 ἄνακτος.

243 2136 451 2203 Enuntiatum
475 2161 494 2203 a
518 2142 558 2219 μὴ
583 2139 753 2206 exordiens
776 2141 908 2225 respicit
924 2139 964 2205 ad
983 2140 1186 2224 participium
1203 2139 1412 2218 πειρώμενος.
1530 2148 1578 2193 a*

246 2244 349 2310 Verbo
373 2249 542 2324 πειρᾶσθαι
566 2247 695 2329 quidem
710 2249 772 2333 ipsi
796 2268 912 2332 perse
936 2249 983 2313 vis
1007 2247 1140 2312 timendi
1169 2267 1231 2310 nen
1262 2244 1414 2310 adiuncta
1458 2232 1460 2235 ⁵

244 2356 301 2415 est.
349 2351 415 2417 Sed
442 2355 670 2419 sententiarum
699 2354 906 2420 cohaerentia
933 2373 1031 2438 saepe
1060 2353 1207 2436 efficitur,
1240 2359 1276 2417 ut
1305 2353 1413 2435 verbe,
1492 2340 1495 2343 ¹

244 2460 355 2542 inque
372 2462 441 2545 ipsc
458 2483 515 2546 per
531 2482 565 2528 se
583 2464 631 2528 vis
647 2462 780 2528 timendi
804 2484 867 2528 non
884 2464 977 2545 inest,
1002 2463 1087 2527 haec
1100 2463 1187 2526 nctiu
1204 2460 1415 2541 attribuatur3

244 2566 279 2631 lit
303 2569 400 2652 notis,
426 2589 488 2652 qua
512 2570 644 2635 timendi
670 2571 825 2653 cegitatio
849 2571 1042 2649 incitetur1).
1090 2570 1141 2633 lta
1170 2588 1204 2635 se
1227 2568 1332 2632 ‘habet
1354 2568 1415 2633 hee

70 2711 76 2719 ι
244 2674 315 2739 lece
339 2676 543 2761 participium
567 2678 774 2757 πειρώμενος.
822 2678 905 2745 Nam
929 2698 993 2760 qua
1016 2677 1080 2742 alia
1097 2697 1130 2741 re
1147 2676 1207 2742 nisi
1231 2676 1354 2757 timere,
1377 2695 1416 2739 ne

245 2783 406 2849 teredines
422 2804 515 2850 arcus
532 2805 651 2850 cernua
668 2785 800 2851 ederent
823 2787 955 2851 absente
972 2784 1110 2864 demine,
1135 2784 1246 2849 Ulixes
1266 2783 1417 2848 incitatus

246 2898 304 2974 est,
338 2899 372 2955 ut
405 2912 513 2958 arcum
546 2893 741 2977 temptaret?
788 2894 893 2958 Aliter
928 2892 968 2957 de
1003 2892 1065 2957 hac
1100 2890 1259 2957 sententia
1293 2888 1418 2955 iudicat

246 2997 359 3082 Lange
369 3001 408 3079 ἀμ
443 3019 513 3065 eam
545 3002 635 3084 ponit
667 3001 700 3064 in
733 3021 862 3065 nurnero
892 3000 1133 3080 sententiarum,
1167 3018 1245 3081 quas
1275 2997 1419 3082 appellat

249 3105 462 3190 „prohibitive
508 3092 851 3191 Fallsetzungssstze“.
907 3109 1157 3190 Argumentatur
1203 3111 1310 3170 autem
1356 3104 1417 3169 sic:
1534 3107 1535 3110 ’

250 3212 435 3297 „Odysseus
459 3214 547 3280 lehnt
575 3215 637 3280 den
665 3216 734 3281 sich
764 3215 830 3279 ihm
855 3213 1120 3298 aufdrt‘mgenden
1143 3212 1323 3278 Gedanken
1345 3208 1418 3290 ἶπες

247 3319 351 3386 ἔδοιεν
375 3322 555 3388 ‘immerhin
586 3324 734 3389 mdchten
763 3324 816 3389 die
841 3324 987 3388 errmer
1016 3322 1077 3386 seit
1105 3321 1224 3385 meiner
1247 3320 1419 3384 Abwesen·

247 3427 315 3522 heit
338 3428 400 3494 den
424 3430 536 3513 Begen
558 3430 732 3514 zernagen'
761 3452 823 3497 ven
853 3431 922 3497 sich
954 3426 1029 3494 ab“.
1076 3430 1166 3494 Haec
1195 3427 1418 3511 interpretatio

248 3534 325 3598 mihi
350 3535 515 3621 displicet3
545 3537 640 3603 laudo
669 3539 775 3623 petius
799 3537 1018 3615 Klrhnerum3)
1047 3536 1230 3600 decentem:
1265 3534 1318 3611 Μὴ
1347 3539 1420 3617 pest

248 3640 347 3708 verba
371 3644 502 3710 timendi
532 3646 670 3730 pesitum
699 3647 767 3712 sine
799 3646 896 3710 dubie
924 3643 1083 3730 particula
1112 3640 1343 3725 interrogativa
1371 3644 1419 3704 est

248 3750 433 3833 significans
459 3750 538 3838 „ne“
566 3754 676 3833 (='0b
699 3753 812 3834 nicht).
858 3751 898 3816 Id
926 3759 1035 3817 netum
1059 3756 1107 3815 est
1132 3750 1172 3830 μὴ
1197 3747 1283 3833 apud
1308 3766 1421 3813 omnes

249 3894 462 3905 -—---.—-..-..

359 3966 385 4032 1)
405 3965 449 4021 Or.
473 3966 596 4038 Kriig.,
625 3965 726 4021 (ἔπειτα.
751 3967 764 4020 l
788 3965 867 4035 §54,
884 3966 910 4034 8,
929 3966 971 4019 10.
1023 3962 1179 4031 „Dieselbe
1207 3959 1420 4016 Construction

250 4056 322 4124 (scil.
352 4058 388 4121 μὴ
417 4072 486 4112 cum
510 4058 702 4111 coniunctius
726 4057 792 4110 sive
820 4056 955 4125 optativo
976 4053 1110 4121 obliquo)
1133 4050 1231 4104 findet
1255 4050 1316 4103 sicli
1342 4050 1420 4102 auch

250 4147 329 4200 nach
347 4145 512 4216 Begrttten,
532 4147 644 4200 welche
665 4146 713 4200 die
732 4145 804 4199 ldee
823 4145 878 4199 der
894 4143 1005 4197 Furcht
1024 4142 1104 4195 bloss
1124 4139 1283 4209 annegen.“
1323 4137 1422 4192 Alfert

250 4236 346 4289 verba
359 4237 531 4304 αἰσχύνομαι,
545 4237 707 4303 ὑποπτεύω,
726 4236 884 4300 ὲννοοῡμαι,
898 4232 1049 4300 φροντίζω,
1063 4235 1161 4284 σκοπῶ
1176 4228 1222 4294 μή.
1259 4226 1349 4297 Apud
1363 4227 1421 4280 Ηο-

251 4340 366 4380 merum
381 4326 520 4395 exempla
540 4326 687 4380 eiusmodi
705 4325 824 4379 rariora
843 4338 908 4378 esse
927 4323 1000 4376 dicit
1019 4321 1047 4373 ll
1068 4324 1082 4383 ἕ
1101 4319 1144 4387 54,
1158 4319 1183 4385 8,
1196 4318 1221 4371 8.

358 4415 385 4479 2)
404 4414 541 4484 Lange,
562 4415 624 4470 Der
642 4415 720 4469 horn.
742 4413 904 4470 Gebrauch
923 4412 977 4465 der
996 4408 1130 4463 Partikel
1149 4407 1181 4460 εἰ.
1219 4406 1233 4459 Ι
1252 4423 1279 4475 p.
1293 4405 1345 4459 431
1357 4421 1421 4473 sqq.

358 4503 386 4572 3)
407 4502 449 4558 Of.
468 4503 593 4573 Kirna,
613 4502 711 4558 Grsm.
732 4520 812 4557 max.
832 4508 846 4567 ξ
865 4499 964 4567 5821.
