3184 4900
435 1009 494 1102 Do
527 1008 700 1129 optativi
732 1008 885 1128 obliqui
916 1038 995 1103 usu
1026 1010 1251 1106 Homerico.
1346 1142 1348 1144 q

366 1244 516 1309 Carmina
540 1245 720 1326 Homerica,
754 1244 905 1326 quamdiu
935 1245 1078 1310 homines
1108 1248 1140 1310 in
1170 1248 1247 1311 orbe
1276 1254 1432 1313 terrarum

259 1358 360 1433 erunt,
385 1351 527 1415 ferentur
551 1351 627 1416 Ilias
651 1358 682 1416 et
699 1350 856 1436 Odyssea,
882 1372 1073 1433 quamquam
1090 1353 1152 1416 iam
1171 1352 1224 1417 diu
1248 1354 1331 1418 inter
1348 1356 1432 1421 viros

259 1458 372 1524 doctos
395 1464 521 1524 constat
541 1478 579 1522 ca
596 1458 650 1522 uni
667 1458 836 1541 eidemque
852 1466 968 1543 poetae
985 1479 1047 1523 non
1065 1458 1185 1524 deberi.
1232 1460 1320 1525 Unus
1335 1467 1432 1545 poeta

258 1565 392 1630 iliadem
418 1571 450 1630 et
474 1565 706 1648 quinquaginta
730 1566 781 1630 vel
805 1565 942 1630 fortasse
967 1565 1064 1630 etiam
1090 1574 1216 1631 centum
1240 1569 1331 1632 annis
1358 1575 1432 1652 post

258 1674 339 1738 alter
355 1680 452 1757 poeta
469 1672 647 1758 Odysseam
666 1673 860 1757 composuit3
878 1680 1045 1755 utrumque
1062 1679 1167 1738 autem
1184 1693 1311 1739 carmen
1329 1676 1430 1759 ipsum

257 1801 314 1866 per
338 1801 372 1846 se
395 1780 623 1846 additamentis
647 1802 667 1843 a
683 1780 854 1865 rhapsodis
871 1780 1007 1845 diversis
1024 1769 1220 1865 temporibus
1236 1781 1431 1865 interpositis

257 1895 386 1953 auctum
410 1895 467 1952 est.
515 1887 595 1952 inde
618 1887 652 1952 id
676 1888 868 1972 explicatur,
893 1887 978 1969 quod
1003 1887 1066 1952 duo
1088 1888 1144 1953 illa
1168 1888 1309 1953 carmina
1324 1889 1432 1953 multis

256 1994 352 2060 rebus
385 1995 467 2060 inter
499 2015 534 2059 se
567 1994 768 2078 discrepant;
802 1995 834 2057 in
868 1995 963 2059 rebus
995 1995 1214 2077 grammaticis
1246 2001 1352 2059 tamen
1386 2033 1432 2042 —

256 2101 389 2185 perinde
419 2107 516 2184 atque
545 2102 577 2165 in
606 2102 700 2167 rebus
728 2101 897 2166 rhetoricis
927 2108 958 2164 et
988 2101 1193 2166 metricis-
1225 2104 1321 2166 etiam
1351 2103 1430 2168 locis

258 2214 368 2293 aperte
401 2208 582 2274 subditieiis
614 2210 697 2272 inter
725 2227 764 2272 ea
793 2207 934 2273 maxima
963 2207 1137 2273 similitudo
1171 2214 1230 2272 est.
1277 2208 1430 2286 Quaestio

257 2336 329 2380 mea
363 2318 462 2400 igitur
495 2318 527 2380 in
560 2322 629 2381 tota
663 2315 763 2380 iliade
797 2321 829 2379 et
856 2316 887 2378 in
912 2322 980 2379 tota
1005 2315 1161 2398 Odyssea,
1195 2316 1277 2380 sicut
1305 2314 1345 2379 ad
1373 2335 1430 2380 nos

256 2431 479 2508 pervenerunt,
504 2422 663 2489 versanda
688 2427 745 2488 est.
792 2423 907 2506 Neque
936 2423 1106 2506 quicquam
1136 2423 1168 2487 in
1192 2442 1231 2487 ea
1258 2442 1293 2487 re
1320 2422 1429 2504 refert,

256 2537 360 2595 utrum
383 2532 533 2616 scriptori
558 2531 668 2595 iliadis
692 2538 747 2595 aut
770 2531 918 2615 scriptori
935 2529 1101 2613 Odysseae
1125 2551 1166 2595 an
1186 2532 1289 2596 neutri
1313 2538 1429 2615 poetae

255 2658 369 2702 nomen
393 2638 523 2725 Homeri
547 2638 652 2702 fuerit.

362 2745 484 2823 Quibus
517 2744 698 2829 praemissis
731 2743 774 2809 ad
806 2744 1005 2829 propositum
1034 2745 1208 2809 veniamus.
1254 2744 1332 2808 Mihi
1366 2765 1429 2810 non

255 2852 355 2916 solum
380 2873 489 2917 omncs
512 2851 691 2917 sententiae
716 2872 756 2916 ex
780 2851 878 2916 verbo
902 2853 1055 2935 temporis
1071 2851 1235 2936 praeteriti
1251 2850 1429 2935 pendentes

255 2965 287 3023 et
311 2959 472 3044 primariis
495 2965 551 3025 aut
574 2959 849 3024 coniunctionibus
873 2969 928 3022 aut
943 2958 1183 3050 pronominibus
1199 2958 1250 3022 vel
1266 2957 1429 3023 adverbiis

254 3067 493 3150 interrogativis
510 3073 565 3131 aut
580 3065 820 3151 pronominibus
836 3066 980 3131 relativis
993 3065 1182 3131 coniunctae
1195 3063 1429 3131 enumerandae

254 3179 337 3254 sunt,
370 3174 402 3236 in
436 3172 551 3255 quibus
585 3173 746 3258 optativus
779 3171 927 3253 obliquus
955 3174 1125 3254 invenitur,
1159 3171 1216 3238 sed
1246 3173 1341 3237 etiarn
1370 3192 1429 3237 eae

254 3280 433 3345 sententiae
456 3280 584 3345 aliunde
608 3279 794 3365 pendentes,
820 3280 1000 3361 inquibus,
1032 3299 1223 3362 quamquam
1248 3280 1428 3364 optativum

254 3386 415 3469 obliquum
439 3388 515 3471 poni
539 3387 668 3468 licebat,
693 3385 807 3451 modus
830 3387 984 3452 orationis
1008 3393 1117 3452 rectae
1139 3393 1286 3452 servatus
1311 3392 1370 3450 est.

361 3493 467 3558 Verba
491 3495 643 3579 temporis
666 3493 832 3577 praeteriti
860 3500 933 3558 sunt
961 3513 1071 3558 omnes
1099 3495 1266 3559 verborum
1295 3492 1427 3575 formae,

254 3600 369 3682 quibus
392 3600 477 3665 actio
501 3600 543 3665 ad
561 3607 686 3685 tempus
703 3601 909 3685 praeteritum
925 3600 1072 3665 refertur.
1120 3599 1194 3664 Alia
1211 3600 1310 3665 verba
1325 3599 1426 3683 igitur

253 3714 326 3772 sunt
350 3707 454 3772 forma
476 3709 629 3792 temporis
652 3708 828 3791 praeteriti,
846 3707 910 3771 alia
926 3708 1094 3772 sententia.
1142 3707 1258 3772 Forma
1275 3708 1428 3792 temporis

253 3814 417 3899 praeteriti
441 3821 514 3881 sunt
537 3815 705 3880 verborum
729 3814 853 3879 formae
870 3821 1042 3897 augmento
1059 3821 1202 3896 ornatae,
1227 3815 1247 3878 i.
1265 3834 1293 3879 e.
1311 3814 1426 3898 imper·

253 3921 415 4002 fectuml),
448 3920 642 3986 indicativus
666 3920 820 4002 aoristi1),
853 3921 1212 4005 plusquamperfectum.
1260 3921 1427 3985 Sententia

253 4029 405 4112 temporis
421 4029 586 4112 praeteriti
603 4029 737 4112 primum
755 4035 804 4095 est
816 4048 967 4113 praesens
985 4028 1179 4109 historicum,
1197 4027 1283 4110 qood
1301 4026 1426 4107 dicitur,

253 4141 320 4199 turn
344 4134 466 4199 formae
491 4134 696 4219 coniunctivi,
721 4134 869 4220 optativi,
894 4134 1057 4217 infinitivi,
1082 4135 1255 4219 participii,
1280 4154 1363 4217 quae
1387 4155 1428 4199 cx

360 4345 387 4410 1)
406 4344 452 4399 Dc
480 4346 658 4415 imperfecto
687 4346 718 4399 in
744 4346 901 4399 sententiis
923 4344 1183 4399 condicionalibus
1206 4344 1328 4398 veritati
1358 4359 1426 4397 oon-

252 4434 351 4485 trariis
366 4439 511 4502 usurpato
526 4439 555 4487 et
569 4435 606 4487 de
620 4435 733 4487 aoristo
746 4435 895 4504 gnomico,
916 4435 968 4503 qui
983 4433 1100 4502 dicitur,
1120 4449 1149 4485 v.
1163 4433 1253 4488 huius
1275 4447 1424 4487 commen-

252 4522 373 4577 tationis
392 4538 420 4593 p.
441 4522 476 4576 19
488 4537 532 4591 sq.

1150 4600 1344 4682 ιὶΙΗΑῃ),

1194 4677 1291 4717 utu

1094 4719 1359 4804 Uirium&
1384 4661 1417 4760 q

1110 4818 1158 4859 0«
