3184 4900
1237 7 1511 179 Ἶ

689 362 864 439 ‘¹0’

193 543 325 620 δαίμων.
374 543 455 606 XIII
479 543 554 608 339.
579 543 681 622 αὐτὰρ
704 543 767 621 ἐγὼ
791 547 829 609 τὸ
853 547 909 623 μὲν
933 546 972 609 οὔ
997 543 1067 611 ποτ’
1089 546 1254 627 ἀπίστεον,
1291 542 1361 610 ἀλλ’

193 650 239 713 ἐνὶ
263 655 419 734 θυμῶμ-
378 651 512 733 -ᾔδε’,
537 650 760 729 ἀναστήσεις.
809 653 891 716 XIX
908 653 960 718 93
986 675 1091 718 πάντα
1107 675 1167 733 γαρ
1184 675 1219 718 ευ
1204 653 1361 737 ἤδησθ,

193 758 261 853 ἐπεὶ
285 759 317 822 ἐξ
333 758 406 836 ἐμεῦ
431 757 542 838 ἔκλυες
567 759 725 840 ‹16de—
754 760 800 838 ὡς
824 762 882 824 τὸν
905 765 1011 827 ξεῖνον
1035 761 1209 840 ἔμελλον
1197 764 1243 825 evi
1273 762 1363 840 μεγά-

193 849 298 943 ροισιν
323 867 512 943 ἐμοῖσιν-
537 865 624 945 ἀμφὶ·
648 866 742 953 πόσει
771 867 922 945 εἴρεσθαι.
971 869 1086 932 XXIII
1110 869 1174 932 218
1193 888 1262 950 sqq.
1287 867 1363 932 οὐδέ

193 993 247 1036 κεν
281 973 403 1050 Ἀργείη
438 974 547 1065 Ἑλένη
582 974 664 1052 Διὸς
695 974 864 1051 ἐκγεγαυῖα
891 1013 927 1021 -
954 975 1046 1055 ἀνδρὶ
1078 977 1154 1055 παρ’
1187 975 1362 1059 ἀλλοδαπῷ

194 1079 282 1156 ἐμίγη
311 1080 459 1157 φιλότητι
490 1082 540 1143 καὶ
568 1080 656 1163 εὐνῇ,
680 1118 724 1125 -
748 1082 774 1145 εἰ
801 1082 880 1165 ᾔδει,
914 1081 933 1146 6
962 1104 1013 1160 μιν
1042 1081 1131 1160 αὖτις
1159 1082 1264 1161 ἀρήιοι
1297 1081 1363 1161 υἷες

196 1188 331 1264 Ἀχαιῶν
355 1222 397 1231 -
421 1186 568 1265 ἀξέμεναι
592 1186 719 1251 οἶκόνδε
743 1190 843 1267 φίλην
866 1189 900 1267 ἐς
917 1189 1041 1268 πατρίδ’
1060 1190 1204 1270 ἔμελλον.
1251 1189 1362 1253 XXIV

197 1293 269 1358 182.
294 1295 420 1370 γνωτὸν
444 1292 523 1374 δ’ἡν,
549 1294 568 1358 6
592 1294 632 1373 ῥά
656 1295 703 1372 τίς
728 1309 788 1374 σφι
813 1300 896 1360 θεῶν
920 1297 1131 1375 ἐπιτάρροθος
1155 1296 1220 1374 dev.

302 1400 403 1465 Aliter
424 1400 631 1466 iudicandum
657 1408 705 1468 est
727 1401 769 1467 de
794 1403 830 1467 II.
854 1403 934 1467 XIV
959 1405 1010 1468 tl.
1034 1405 1113 1488 ᾔδεα
1137 1406 1194 1483 μὲν
1217 1397 1286 1482 γάρ,
1310 1402 1363 1468 ὅτε

195 1510 353 1589 πρόφρων
387 1511 570 1575 Δαναοῖσιν
602 1508 735 1588 ἄμυνεν·
764 1548 809 1554 -
837 1508 911 1574 οἴδα
943 1512 979 1574 δὲ
1011 1514 1080 1587 νῦν,
1114 1511 1163 1576 ὅτι
1196 1512 1274 1589 τοὺς
1307 1512 1363 1588 μὲν

195 1616 283 1696 δμιῖις
307 1618 484 1696 μακάρεσσι
508 1621 631 1681 θεοῖσιν
655 1654 698 1663 -
719 1617 858 1682 κυδάνει.
905 1618 1113 1682 enuntiatum
1137 1619 1220 1683 enim
1245 1619 1285 1683 ab
1310 1618 1364 1682 ὅτε

195 1722 366 1789 exordiens
378 1723 537 1789 sententia
550 1724 735 1809 temporalis
752 1726 904 1790 orationis
920 1731 1028 1790 rectae
1044 1732 1103 1807 est,
1129 1727 1181 1790 ubi
1202 1727 1364 1807 optativus

77 1894 79 1899 .
195 1831 341 1913 obliquus
371 1831 473 1895 Iocum
503 1851 566 1896 non
596 1831 705 1897 habet.
752 1832 838 1896 Sane
869 1831 1006 1915 quidem,
1040 1833 1066 1896 si
1097 1833 1290 1897 Duntzerum
1318 1853 1364 1898 se·

196 1958 373 2021 queremur,
397 1940 485 2003 Iocus
509 1937 658 2004 laudatus
683 1938 744 2004 huc
767 1939 958 2024 pertineret3
992 1961 1049 2024 pro
1074 1939 1128 2004 ὅτε
1151 1940 1235 2004 enirn
1258 1939 1365 2025 posuit

196 2045 255 2128 ὅτι,
279 2044 335 2122 sed
360 2046 483 2110 iniuria.
531 2047 614 2114 Nam
638 2046 692 2111 ὅτε
716 2048 862 2112 omuibus
886 2046 1049 2112 codicibus
1073 2047 1223 2112 traditum
1249 2053 1307 2128 est,
1332 2053 1365 2111 et

195 2151 383 2218 scholiastes
413 2160 550 2217 testatur
578 2154 798 2229 Aristarchum
828 2154 912 2219 hane
945 2156 1134 2240 sumpturam
1167 2155 1364 2239 probavisse.

195 2260 238 2325 At
263 2260 465 2324 Aristarchus
488 2281 656 2345 perperam
680 2262 775 2326 etiam
800 2269 874 2345 post
898 2261 971 2326 οἴδα
994 2263 1029 2325 δε
1046 2266 1105 2326 νῦν
1121 2263 1266 2347 posuisse
1287 2260 1364 2325 mihi

196 2366 321 2432 videtur
345 2368 399 2432 ὅτε
423 2389 480 2454 pro
505 2369 564 2433 ὅτι.
610 2370 692 2437 Nam
717 2369 837 2455 optime
862 2368 992 2434 dicitur:
1021 2370 1180 2455 ,sciebam
1205 2370 1364 2453 (tempus),

198 2495 267 2541 eum
292 2474 487 2542 adiuvabat“
493 2476 582 2558 ,sed
606 2479 708 2542 minus
733 2478 828 2542 bene:
856 2497 958 2562 ,nunc
981 2484 1087 2542 autem
1112 2479 1177 2543 seio
1203 2478 1365 2560 (t,empus)

197 2603 268 2648 oum
301 2582 723 2667 honoratissimique
756 2591 830 2649 auct
832 2585 913 2650 orita
894 2592 946 2651 ate
916 2584 1135 2666 tcodicum,
1170 2585 1223 2668 qui
1257 2603 1366 2649 omnes

196 2700 288 2778 praet
291 2713 324 2757 er
348 2714 442 2757 unum
467 2702 562 2758 notae
587 2693 642 2758 det
630 2694 755 2758 teriorIs
778 2693 947 2759 lectionem
965 2693 1018 2758 ὅτε
1036 2701 1109 2777 post
1123 2694 1184 2772 γὰρ
1209 2699 1241 2757 et
1258 2711 1366 2756 omnes

197 2800 238 2865 ad
263 2821 357 2865 unum
383 2801 431 2864 ὅτι
455 2808 528 2885 post
551 2805 610 2865 νῦν
634 2801 800 2885 praebent,
824 2800 971 2885 dissepta
952 2807 1089 2866 attaes
1116 2800 1341 2884 Saepius
1333 2820 1365 2864 m

198 2908 389 2973 carminibus
413 2909 590 2973 Homericis
614 2908 669 2973 ὅτε
692 2907 853 2973 invenitur
869 2915 942 2992 post
930 2908 1057 2973 tverba
1073 2906 1242 2989 εἰδέναι,
1227 2906 1365 2988 ακούειν,

198 3018 417 3094 μεμνῆσθαι).
443 3016 484 3079 Et
500 3014 586 3100 apud
602 3017 774 3100 scriptores
790 3015 1005 3080 Rornanorum
1020 3014 1179 3080 nonnullis
1193 3014 1273 3080 locis
1291 3016 1367 3097 legi·

198 3141 267 3186 mus
286 3122 485 3200 „meminisse
502 3121 605 3186 cum“.
631 3121 693 3202 (ot.
712 3122 815 3186 Plaut.
834 3121 926 3206 Capt.
942 3121 1017 3185 303.
1036 3121 1101 3186 Cic.
1117 3122 1308 3206 Epvssas,
1324 3124 1366 3200 1.)

304 3232 334 3293 4.
381 3230 543 3311 Sequitur,
576 3237 612 3293 ut
643 3230 839 3311 inquiramus
871 3229 903 3293 in
934 3228 1168 3293 enuntiationes
1192 3248 1232 3293 ex
1261 3229 1367 3294 verbis

198 3337 330 3402 curandi
363 3344 466 3422 aptas.
519 3338 735 3402 Usitatissima
768 3337 866 3401 verba
899 3335 1031 3401 curandi
1065 3343 1138 3400 sunt
1169 3336 1367 3417 ἐπιμέλομαι,

198 3447 283 3525 μέλει
308 3468 369 3528 μοι,
394 3447 565 3525 φροντίζω,
582 3445 766 3525 σπουδάζω,
784 3446 1075 3524 παρασκευάζομαι,
1092 3446 1215 3523 σκοπῶ,
1236 3442 1368 3506 σκέπτο-

199 3577 261 3633 μαι,
285 3554 494 3633 φυλάττομαι,
523 3556 619 3631 τηρῶ,
648 3551 810 3632 φράζομαι
838 3551 1018 3633 similiaque
1028 3552 1063 3629 2).
1110 3550 1367 3630 Coniunctiones,

139 3643 141 3647 ¹
198 3682 280 3744 quae
304 3669 376 3745 post
400 3662 499 3725 verba
523 3658 677 3724 eiusmodi
701 3659 734 3723 iu
757 3678 816 3722 usu
840 3664 922 3739 sunt,
947 3664 1020 3721 sunt
1043 3656 1134 3734 ὅπως
1158 3656 1274 3735 (rarius
1298 3657 1368 3736 ὡς),

199 3769 289 3848 ὅπως
314 3770 364 3849 μή,
390 3769 435 3848 ὡς
460 3769 511 3848 μή,
537 3775 569 3830 et
592 3765 704 3830 modus
728 3765 889 3830 sollemnis
912 3766 943 3828 in
968 3763 1127 3828 sententia
1144 3763 1304 3848 pendente
1320 3771 1369 3828 est

199 3875 392 3940 indicativus
416 3877 523 3955 futuri,
549 3894 605 3958 pro
631 3893 693 3955 quo
719 3872 848 3938 dicendi
865 3892 982 3955 genere
999 3870 1210 3936 antecedente
1227 3876 1369 3955 tempore

198 3983 372 4068 praeterito
409 4003 537 4067 perraro
573 3982 735 4065 optativus
769 3979 868 4044 futuri
904 3979 1126 4058 admittitur³).
1186 3978 1302 4042 Rarius
1336 3978 1368 4040 in

309 4146 333 4212 1)
353 4142 395 4198 Cf.
415 4144 537 4211 Kriig,
557 4140 658 4196 Gram.
673 4141 696 4209 I,
716 4140 925 4208 54,16‚2et1,
945 4141 987 4207 56,
1001 4140 1026 4208 t,
1039 4140 1081 4193 13.
1119 4139 1247 4207 Kiihn.‚
1267 4137 1369 4193 Gram.

199 4250 279 4288 max.
298 4234 314 4301 ἓ
333 4233 393 4299 551,
408 4234 432 4287 7.

208 4383 211 4392 ¹
307 4323 334 4389 2)
354 4322 396 4377 Cf.
416 4323 543 4381 Kiihn.‚
564 4321 665 4377 Gram.
684 4338 763 4376 max.
784 4321 919 4387 85581.

306 4413 334 4479 3)
354 4412 396 4468 CI.
416 4413 659 4476 Faesbander,
688 4412 734 4465 Dc
754 4412 889 4480 optativo
919 4411 1023 4475 futurI,
1054 4425 1081 4478 p.
1105 4407 1140 4461 ‘25
1155 4422 1218 4475 sqq.
1246 4405 1370 4469 (Comm.

200 4504 269 4574 phil.
290 4503 416 4557 Monast.
436 4503 524 4567 1884).
