<?xml version="1.0" encoding="UTF-8"?>
<!DOCTYPE html PUBLIC "-//W3C//DTD XHTML 1.0 Transitional//EN"
    "http://www.w3.org/TR/xhtml1/DTD/xhtml1-transitional.dtd">
<html xmlns="http://www.w3.org/1999/xhtml" xml:lang="en" lang="en">
 <head>
  <title>
</title>
<meta http-equiv="Content-Type" content="text/html;charset=utf-8" />
  <meta name='ocr-system' content='tesseract 3.04.00' />
  <meta name='ocr-capabilities' content='ocr_page ocr_carea ocr_par ocr_line ocrx_word'/>
</head>
<body>
  <div class='ocr_page' id='page_1' title='image "./deoptativiobliq00meingoog_0010.png"; bbox 0 0 3184 4900; ppageno 0'>
   <div class='ocr_carea' id='block_1_1' title="bbox 677 354 836 409">
    <p class='ocr_par' dir='ltr' id='par_1_1' title="bbox 677 354 836 409">
     <span class='ocr_line' id='line_1_1' title="bbox 677 354 836 409; baseline 0 -13"><span class='ocrx_word' id='word_1_1' title='bbox 677 354 836 409; x_wconf 71' lang='grc'>-6..</span> 
     </span>
    </p>
   </div>
   <div class='ocr_carea' id='block_1_2' title="bbox 101 535 1387 4043">
    <p class='ocr_par' dir='ltr' id='par_1_2' title="bbox 101 535 1349 1156">
     <span class='ocr_line' id='line_1_2' title="bbox 173 535 1344 621; baseline -0.001 -20"><span class='ocrx_word' id='word_1_2' title='bbox 173 537 271 601; x_wconf 89' lang='lat' dir='ltr'>verbo</span> <span class='ocrx_word' id='word_1_3' title='bbox 295 538 447 620; x_wconf 88' lang='lat' dir='ltr'>temporis</span> <span class='ocrx_word' id='word_1_4' title='bbox 472 536 636 621; x_wconf 89' lang='lat' dir='ltr'>praeteriti</span> <span class='ocrx_word' id='word_1_5' title='bbox 660 536 843 621; x_wconf 83' lang='lat' dir='ltr'>pendent¹).</span> <span class='ocrx_word' id='word_1_6' title='bbox 891 535 1076 601; x_wconf 84' lang='lat' dir='ltr'>infinitivus</span> <span class='ocrx_word' id='word_1_7' title='bbox 1099 535 1211 601; x_wconf 90' lang='lat' dir='ltr'>aoristi</span> <span class='ocrx_word' id='word_1_8' title='bbox 1239 543 1344 600; x_wconf 89' lang='lat' dir='ltr'>autem</span> 
     </span>
     <span class='ocr_line' id='line_1_3' title="bbox 173 642 1345 727; baseline 0 -19"><span class='ocrx_word' id='word_1_9' title='bbox 173 664 212 708; x_wconf 84' lang='lat' dir='ltr'>er</span> <span class='ocrx_word' id='word_1_10' title='bbox 237 644 343 708; x_wconf 90' lang='lat' dir='ltr'>verbis</span> <span class='ocrx_word' id='word_1_11' title='bbox 360 643 488 708; x_wconf 87' lang='lat' dir='ltr'>dicendi</span> <span class='ocrx_word' id='word_1_12' title='bbox 513 644 563 707; x_wconf 93' lang='lat' dir='ltr'>vel</span> <span class='ocrx_word' id='word_1_13' title='bbox 581 642 715 727; x_wconf 89' lang='lat' dir='ltr'>putandi</span> <span class='ocrx_word' id='word_1_14' title='bbox 732 649 837 727; x_wconf 83' lang='lat' dir='ltr'>aptus,</span> <span class='ocrx_word' id='word_1_15' title='bbox 862 644 888 708; x_wconf 92' lang='lat' dir='ltr'>si</span> <span class='ocrx_word' id='word_1_16' title='bbox 907 644 976 708; x_wconf 86' lang='lat' dir='ltr'>vice</span> <span class='ocrx_word' id='word_1_17' title='bbox 993 642 1221 707; x_wconf 79' lang='lat' dir='ltr'>affirmationis</span> <span class='ocrx_word' id='word_1_18' title='bbox 1237 651 1345 708; x_wconf 87' lang='lat' dir='ltr'>rectae</span> 
     </span>
     <span class='ocr_line' id='line_1_4' title="bbox 173 750 1346 834; baseline 0 -20"><span class='ocrx_word' id='word_1_19' title='bbox 173 750 326 831; x_wconf 76' lang='lat' dir='ltr'>fungitur,</span> <span class='ocrx_word' id='word_1_20' title='bbox 352 769 477 833; x_wconf 81' lang='lat' dir='ltr'><strong>semper</strong></span> <span class='ocrx_word' id='word_1_21' title='bbox 493 751 555 815; x_wconf 93' lang='lat' dir='ltr'>vim</span> <span class='ocrx_word' id='word_1_22' title='bbox 573 751 726 834; x_wconf 87' lang='lat' dir='ltr'>temporis</span> <span class='ocrx_word' id='word_1_23' title='bbox 741 750 907 834; x_wconf 88' lang='lat' dir='ltr'>praeteriti</span> <span class='ocrx_word' id='word_1_24' title='bbox 925 750 1037 831; x_wconf 79' lang='lat' dir='ltr'>habet3</span> <span class='ocrx_word' id='word_1_25' title='bbox 1062 750 1138 814; x_wconf 88' lang='lat' dir='ltr'>licet</span> <span class='ocrx_word' id='word_1_26' title='bbox 1154 750 1252 833; x_wconf 84' lang='lat' dir='ltr'>igitur</span> <span class='ocrx_word' id='word_1_27' title='bbox 1275 757 1346 834; x_wconf 90' lang='lat' dir='ltr'>post</span> 
     </span>
     <span class='ocr_line' id='line_1_5' title="bbox 172 855 1346 942; baseline 0.002 -22"><span class='ocrx_word' id='word_1_28' title='bbox 172 857 368 920; x_wconf 92' lang='lat' dir='ltr'>infinitivum</span> <span class='ocrx_word' id='word_1_29' title='bbox 383 855 536 921; x_wconf 88' lang='lat' dir='ltr'>eiusmodi</span> <span class='ocrx_word' id='word_1_30' title='bbox 554 856 732 942; x_wconf 89' lang='lat' dir='ltr'>optativum</span> <span class='ocrx_word' id='word_1_31' title='bbox 746 856 908 938; x_wconf 90' lang='lat' dir='ltr'>obliquum</span> <span class='ocrx_word' id='word_1_32' title='bbox 926 856 1010 941; x_wconf 86' lang='lat' dir='ltr'>poni,</span> <span class='ocrx_word' id='word_1_33' title='bbox 1027 856 1153 922; x_wconf 86' lang='lat' dir='ltr'>etiarnsi</span> <span class='ocrx_word' id='word_1_34' title='bbox 1167 855 1209 921; x_wconf 87' lang='lat' dir='ltr'>ad</span> <span class='ocrx_word' id='word_1_35' title='bbox 1222 865 1346 942; x_wconf 89' lang='lat' dir='ltr'>tempus</span> 
     </span>
     <span class='ocr_line' id='line_1_6' title="bbox 101 963 1345 1048; baseline -0.002 -17"><span class='ocrx_word' id='word_1_36' title='bbox 101 1024 104 1031; x_wconf 29' lang='lat'><strong>⁴</strong></span> <span class='ocrx_word' id='word_1_37' title='bbox 174 983 326 1048; x_wconf 88' lang='lat' dir='ltr'>praesens</span> <span class='ocrx_word' id='word_1_38' title='bbox 342 971 478 1047; x_wconf 87' lang='lat' dir='ltr'>spectat.</span> <span class='ocrx_word' id='word_1_39' title='bbox 514 965 629 1047; x_wconf 86' lang='lat' dir='ltr'>Itaque</span> <span class='ocrx_word' id='word_1_40' title='bbox 646 963 852 1048; x_wconf 82' lang='lat' dir='ltr'>Xenophonti</span> <span class='ocrx_word' id='word_1_41' title='bbox 870 963 960 1046; x_wconf 78' lang='lat' dir='ltr'>(Cyri</span> <span class='ocrx_word' id='word_1_42' title='bbox 977 964 1053 1027; x_wconf 81' lang='lat' dir='ltr'>inst.</span> <span class='ocrx_word' id='word_1_43' title='bbox 1072 964 1097 1045; x_wconf 90' lang='grc' dir='ltr'>Ι,</span> <span class='ocrx_word' id='word_1_44' title='bbox 1115 965 1146 1045; x_wconf 87' lang='grc'>4,</span> <span class='ocrx_word' id='word_1_45' title='bbox 1164 964 1219 1042; x_wconf 78' lang='lat'>25)</span> <span class='ocrx_word' id='word_1_46' title='bbox 1237 963 1345 1028; x_wconf 81' lang='lat' dir='ltr'>dicere</span> 
     </span>
     <span class='ocr_line' id='line_1_7' title="bbox 174 1069 1349 1156; baseline 0.001 -22"><span class='ocrx_word' id='word_1_47' title='bbox 174 1071 305 1135; x_wconf 77' lang='lat' dir='ltr'>licebat:</span> <span class='ocrx_word' id='word_1_48' title='bbox 342 1073 412 1156; x_wconf 80' lang='lat' dir='ltr'>„uui</span> <span class='ocrx_word' id='word_1_49' title='bbox 441 1071 459 1134; x_wconf 90' lang='grc' dir='ltr'>ὁ</span> <span class='ocrx_word' id='word_1_50' title='bbox 490 1073 592 1149; x_wconf 85' lang='grc' dir='ltr'>Κῦρος</span> <span class='ocrx_word' id='word_1_51' title='bbox 622 1073 657 1135; x_wconf 76' lang='grc' dir='ltr'>δὲ</span> <span class='ocrx_word' id='word_1_52' title='bbox 687 1072 826 1135; x_wconf 80' lang='grc' dir='ltr'>ἐνταῦθα</span> <span class='ocrx_word' id='word_1_53' title='bbox 855 1072 978 1146; x_wconf 82' lang='grc' dir='ltr'>λέγεται</span> <span class='ocrx_word' id='word_1_54' title='bbox 1003 1070 1112 1145; x_wconf 85' lang='grc' dir='ltr'>εἰπεῖν,</span> <span class='ocrx_word' id='word_1_55' title='bbox 1146 1069 1194 1134; x_wconf 85' lang='grc' dir='ltr'>ὅτι</span> <span class='ocrx_word' id='word_1_56' title='bbox 1219 1070 1349 1135; x_wconf 71' lang='lat' dir='ltr'>durium</span> 
     </span>
    </p>

    <p class='ocr_par' dir='ltr' id='par_1_3' title="bbox 121 1176 1387 4043">
     <span class='ocr_line' id='line_1_8' title="bbox 176 1176 1345 1261; baseline 0 -20"><span class='ocrx_word' id='word_1_57' title='bbox 176 1176 356 1257; x_wconf 74' lang='lat' dir='ltr'>ssodtouo“.</span> <span class='ocrx_word' id='word_1_58' title='bbox 404 1177 525 1242; x_wconf 85' lang='lat' dir='ltr'>Eodem</span> <span class='ocrx_word' id='word_1_59' title='bbox 550 1176 645 1242; x_wconf 91' lang='lat' dir='ltr'>modo</span> <span class='ocrx_word' id='word_1_60' title='bbox 669 1197 720 1242; x_wconf 92' lang='lat' dir='ltr'>res</span> <span class='ocrx_word' id='word_1_61' title='bbox 744 1197 777 1241; x_wconf 93' lang='lat' dir='ltr'>se</span> <span class='ocrx_word' id='word_1_62' title='bbox 803 1176 910 1252; x_wconf 88' lang='lat' dir='ltr'>babet,</span> <span class='ocrx_word' id='word_1_63' title='bbox 946 1177 973 1241; x_wconf 94' lang='lat' dir='ltr'>si</span> <span class='ocrx_word' id='word_1_64' title='bbox 1002 1176 1205 1261; x_wconf 82' lang='lat' dir='ltr'>participium</span> <span class='ocrx_word' id='word_1_65' title='bbox 1235 1177 1345 1242; x_wconf 87' lang='lat' dir='ltr'>aoristi</span> 
     </span>
     <span class='ocr_line' id='line_1_9' title="bbox 149 1263 1346 1367; baseline 0 -18"><span class='ocrx_word' id='word_1_66' title='bbox 149 1263 153 1273; x_wconf 25' lang='lat' dir='ltr'><em>l</em></span> <span class='ocrx_word' id='word_1_67' title='bbox 174 1284 215 1349; x_wconf 89' lang='lat' dir='ltr'>ad</span> <span class='ocrx_word' id='word_1_68' title='bbox 242 1286 370 1348; x_wconf 90' lang='lat' dir='ltr'>verbum</span> <span class='ocrx_word' id='word_1_69' title='bbox 395 1284 553 1349; x_wconf 89' lang='lat' dir='ltr'>sentiendi</span> <span class='ocrx_word' id='word_1_70' title='bbox 571 1286 620 1349; x_wconf 87' lang='lat' dir='ltr'>rel</span> <span class='ocrx_word' id='word_1_71' title='bbox 637 1284 777 1350; x_wconf 88' lang='lat' dir='ltr'>affectus</span> <span class='ocrx_word' id='word_1_72' title='bbox 794 1284 942 1348; x_wconf 87' lang='lat' dir='ltr'>refertur.</span> <span class='ocrx_word' id='word_1_73' title='bbox 989 1284 1120 1366; x_wconf 80' lang='lat' dir='ltr'>Integra</span> <span class='ocrx_word' id='word_1_74' title='bbox 1137 1285 1234 1367; x_wconf 82' lang='lat' dir='ltr'>igitur</span> <span class='ocrx_word' id='word_1_75' title='bbox 1255 1285 1346 1350; x_wconf 89' lang='lat' dir='ltr'>nobis</span> 
     </span>
     <span class='ocr_line' id='line_1_10' title="bbox 121 1374 1387 1479; baseline 0.001 -24"><span class='ocrx_word' id='word_1_76' title='bbox 121 1374 123 1377; x_wconf 39' lang='grc'>’</span> <span class='ocrx_word' id='word_1_77' title='bbox 175 1399 222 1456; x_wconf 95' lang='grc' dir='ltr'>θεῖ</span> <span class='ocrx_word' id='word_1_78' title='bbox 243 1398 387 1475; x_wconf 89' lang='lat' dir='ltr'>potestas</span> <span class='ocrx_word' id='word_1_79' title='bbox 411 1391 552 1456; x_wconf 88' lang='lat' dir='ltr'>dicendi:</span> <span class='ocrx_word' id='word_1_80' title='bbox 590 1390 683 1476; x_wconf 80' lang='lat' dir='ltr'>„olori</span> <span class='ocrx_word' id='word_1_81' title='bbox 711 1406 749 1455; x_wconf 87' lang='grc' dir='ltr'>σε</span> <span class='ocrx_word' id='word_1_82' title='bbox 777 1391 917 1468; x_wconf 85' lang='grc' dir='ltr'>εἰπόντα,</span> <span class='ocrx_word' id='word_1_83' title='bbox 944 1391 993 1456; x_wconf 84' lang='grc' dir='ltr'>ὅτι</span> <span class='ocrx_word' id='word_1_84' title='bbox 1018 1391 1146 1471; x_wconf 84' lang='grc' dir='ltr'>ἀφίξοιο</span> <span class='ocrx_word' id='word_1_85' title='bbox 1170 1392 1252 1470; x_wconf 86' lang='grc' dir='ltr'>πρός</span> <span class='ocrx_word' id='word_1_86' title='bbox 1277 1390 1345 1471; x_wconf 59' lang='grc' dir='ltr'>μεα.</span> <span class='ocrx_word' id='word_1_87' title='bbox 1386 1476 1387 1479; x_wconf 9' lang='lat'>¹</span> 
     </span>
     <span class='ocr_line' id='line_1_11' title="bbox 175 1498 1346 1583; baseline 0.001 -21"><span class='ocrx_word' id='word_1_88' title='bbox 175 1499 257 1575; x_wconf 79' lang='lat' dir='ltr'>Quin</span> <span class='ocrx_word' id='word_1_89' title='bbox 282 1500 377 1563; x_wconf 89' lang='lat' dir='ltr'>etiam</span> <span class='ocrx_word' id='word_1_90' title='bbox 402 1499 606 1582; x_wconf 82' lang='lat' dir='ltr'>participium</span> <span class='ocrx_word' id='word_1_91' title='bbox 630 1500 809 1582; x_wconf 89' lang='lat' dir='ltr'>praesentis</span> <span class='ocrx_word' id='word_1_92' title='bbox 832 1505 982 1582; x_wconf 87' lang='lat' dir='ltr'>spectans</span> <span class='ocrx_word' id='word_1_93' title='bbox 1005 1498 1046 1563; x_wconf 91' lang='lat' dir='ltr'>ad</span> <span class='ocrx_word' id='word_1_94' title='bbox 1071 1506 1197 1581; x_wconf 88' lang='lat' dir='ltr'>tempus</span> <span class='ocrx_word' id='word_1_95' title='bbox 1223 1507 1346 1583; x_wconf 89' lang='lat' dir='ltr'>praete-</span> 
     </span>
     <span class='ocr_line' id='line_1_12' title="bbox 175 1605 1346 1693; baseline 0.001 -25"><span class='ocrx_word' id='word_1_96' title='bbox 175 1606 269 1669; x_wconf 88' lang='lat' dir='ltr'>ritum</span> <span class='ocrx_word' id='word_1_97' title='bbox 293 1605 390 1670; x_wconf 88' lang='lat' dir='ltr'>verbo</span> <span class='ocrx_word' id='word_1_98' title='bbox 414 1605 487 1670; x_wconf 75' lang='grc' dir='ltr'>οἶδα</span> <span class='ocrx_word' id='word_1_99' title='bbox 511 1605 720 1691; x_wconf 82' lang='lat' dir='ltr'>antecedente</span> <span class='ocrx_word' id='word_1_100' title='bbox 737 1606 940 1693; x_wconf 83' lang='lat' dir='ltr'>subsequitur</span> <span class='ocrx_word' id='word_1_101' title='bbox 963 1605 1127 1690; x_wconf 88' lang='lat' dir='ltr'>optativus</span> <span class='ocrx_word' id='word_1_102' title='bbox 1151 1605 1299 1688; x_wconf 89' lang='lat' dir='ltr'>obliquus</span> <span class='ocrx_word' id='word_1_103' title='bbox 1315 1607 1346 1669; x_wconf 94' lang='lat' dir='ltr'>in</span> 
     </span>
     <span class='ocr_line' id='line_1_13' title="bbox 175 1711 1346 1797; baseline 0.001 -22"><span class='ocrx_word' id='word_1_104' title='bbox 175 1711 323 1797; x_wconf 88' lang='lat' dir='ltr'>Xenopb.</span> <span class='ocrx_word' id='word_1_105' title='bbox 358 1712 433 1796; x_wconf 73' lang='lat' dir='ltr'>Cyri</span> <span class='ocrx_word' id='word_1_106' title='bbox 468 1714 545 1778; x_wconf 86' lang='lat' dir='ltr'>lnst.</span> <span class='ocrx_word' id='word_1_107' title='bbox 579 1712 605 1788; x_wconf 83' lang='grc' dir='ltr'>Ι,</span> <span class='ocrx_word' id='word_1_108' title='bbox 629 1711 660 1792; x_wconf 85' lang='grc'>6,</span> <span class='ocrx_word' id='word_1_109' title='bbox 678 1713 714 1776; x_wconf 80' lang='lat'>6:</span> <span class='ocrx_word' id='word_1_110' title='bbox 751 1711 824 1776; x_wconf 81' lang='lat' dir='ltr'>otoo</span> <span class='ocrx_word' id='word_1_111' title='bbox 858 1727 896 1776; x_wconf 90' lang='grc' dir='ltr'>σε</span> <span class='ocrx_word' id='word_1_112' title='bbox 929 1713 1065 1788; x_wconf 81' lang='grc' dir='ltr'>λέγοντα</span> <span class='ocrx_word' id='word_1_113' title='bbox 1098 1712 1157 1795; x_wconf 88' lang='grc' dir='ltr'>ἀεί,</span> <span class='ocrx_word' id='word_1_114' title='bbox 1191 1712 1236 1790; x_wconf 85' lang='grc' dir='ltr'>ὡς</span> <span class='ocrx_word' id='word_1_115' title='bbox 1270 1713 1346 1777; x_wconf 75' lang='grc' dir='ltr'>οὐδὲ</span> 
     </span>
     <span class='ocr_line' id='line_1_14' title="bbox 176 1804 1345 1900; baseline 0.002 -18"><span class='ocrx_word' id='word_1_116' title='bbox 176 1820 263 1897; x_wconf 82' lang='grc' dir='ltr'>θέμις</span> <span class='ocrx_word' id='word_1_117' title='bbox 297 1818 344 1898; x_wconf 75' lang='grc' dir='ltr'>εἴη</span> <span class='ocrx_word' id='word_1_118' title='bbox 378 1821 533 1883; x_wconf 82' lang='grc' dir='ltr'>αἰτεῖσθαι</span> <span class='ocrx_word' id='word_1_119' title='bbox 552 1869 559 1883; x_wconf 95' lang='grc'><strong>.</strong></span> <span class='ocrx_word' id='word_1_120' title='bbox 578 1869 585 1883; x_wconf 95' lang='grc'><strong>.</strong></span> <span class='ocrx_word' id='word_1_121' title='bbox 604 1869 610 1882; x_wconf 95' lang='grc'><strong>.</strong></span> <span class='ocrx_word' id='word_1_122' title='bbox 629 1804 680 1899; x_wconf 66' lang='grc' dir='ltr'>(ὲ</span> <span class='ocrx_word' id='word_1_123' title='bbox 698 1819 781 1891; x_wconf 78' lang='grc' dir='ltr'>οἶδα,</span> <span class='ocrx_word' id='word_1_124' title='bbox 816 1818 866 1883; x_wconf 85' lang='grc' dir='ltr'>ὅτι</span> <span class='ocrx_word' id='word_1_125' title='bbox 899 1819 1007 1897; x_wconf 81' lang='grc' dir='ltr'>ἔλεγες</span> <span class='ocrx_word' id='word_1_126' title='bbox 1040 1818 1099 1895; x_wconf 86' lang='grc' dir='ltr'>ἀεί,</span> <span class='ocrx_word' id='word_1_127' title='bbox 1134 1818 1179 1897; x_wconf 84' lang='grc' dir='ltr'>ὡς</span> <span class='ocrx_word' id='word_1_128' title='bbox 1197 1868 1204 1883; x_wconf 88' lang='grc'><strong>.</strong></span> <span class='ocrx_word' id='word_1_129' title='bbox 1224 1868 1230 1884; x_wconf 91' lang='grc'><strong><em>.</em></strong></span> <span class='ocrx_word' id='word_1_130' title='bbox 1250 1868 1257 1883; x_wconf 89' lang='grc'><strong>.</strong></span> <span class='ocrx_word' id='word_1_131' title='bbox 1274 1818 1345 1900; x_wconf 83' lang='grc' dir='ltr'>εἴη).</span> 
     </span>
     <span class='ocr_line' id='line_1_15' title="bbox 177 1925 1346 2012; baseline 0.003 -24"><span class='ocrx_word' id='word_1_132' title='bbox 177 1925 301 1990; x_wconf 84' lang='lat' dir='ltr'>Deinde</span> <span class='ocrx_word' id='word_1_133' title='bbox 340 1927 502 2009; x_wconf 86' lang='lat' dir='ltr'>optativus</span> <span class='ocrx_word' id='word_1_134' title='bbox 540 1927 708 1991; x_wconf 87' lang='lat' dir='ltr'>iterativus</span> <span class='ocrx_word' id='word_1_135' title='bbox 748 1927 815 2009; x_wconf 88' lang='lat' dir='ltr'>(qui</span> <span class='ocrx_word' id='word_1_136' title='bbox 854 1926 990 1993; x_wconf 89' lang='lat' dir='ltr'>fortasse</span> <span class='ocrx_word' id='word_1_137' title='bbox 1030 1927 1142 1991; x_wconf 90' lang='lat' dir='ltr'>melius</span> <span class='ocrx_word' id='word_1_138' title='bbox 1184 1928 1346 2012; x_wconf 89' lang='lat' dir='ltr'>optativus</span> 
     </span>
     <span class='ocr_line' id='line_1_16' title="bbox 175 2032 1347 2117; baseline 0.002 -21"><span class='ocrx_word' id='word_1_139' title='bbox 175 2032 335 2114; x_wconf 80' lang='lat' dir='ltr'>generalis</span> <span class='ocrx_word' id='word_1_140' title='bbox 352 2032 481 2113; x_wconf 84' lang='lat' dir='ltr'>dicitur)</span> <span class='ocrx_word' id='word_1_141' title='bbox 495 2039 630 2117; x_wconf 76' lang='lat' dir='ltr'>&#39;tempus</span> <span class='ocrx_word' id='word_1_142' title='bbox 654 2034 860 2117; x_wconf 86' lang='lat' dir='ltr'>praeteritum</span> <span class='ocrx_word' id='word_1_143' title='bbox 886 2040 950 2111; x_wconf 81' lang='lat' dir='ltr'>est3</span> <span class='ocrx_word' id='word_1_144' title='bbox 976 2033 1029 2098; x_wconf 85' lang='lat' dir='ltr'>bic</span> <span class='ocrx_word' id='word_1_145' title='bbox 1045 2033 1158 2098; x_wconf 87' lang='lat' dir='ltr'>modus</span> <span class='ocrx_word' id='word_1_146' title='bbox 1174 2035 1206 2098; x_wconf 94' lang='lat' dir='ltr'>in</span> <span class='ocrx_word' id='word_1_147' title='bbox 1223 2040 1347 2098; x_wconf 89' lang='lat' dir='ltr'>senten-</span> 
     </span>
     <span class='ocr_line' id='line_1_17' title="bbox 176 2139 1347 2224; baseline 0.004 -22"><span class='ocrx_word' id='word_1_148' title='bbox 176 2139 229 2203; x_wconf 90' lang='lat' dir='ltr'>tiis</span> <span class='ocrx_word' id='word_1_149' title='bbox 262 2140 460 2206; x_wconf 85' lang='lat' dir='ltr'>secundariis</span> <span class='ocrx_word' id='word_1_150' title='bbox 491 2141 577 2206; x_wconf 90' lang='lat' dir='ltr'>idem</span> <span class='ocrx_word' id='word_1_151' title='bbox 611 2142 697 2205; x_wconf 88' lang='lat' dir='ltr'>valet</span> <span class='ocrx_word' id='word_1_152' title='bbox 729 2149 827 2224; x_wconf 88' lang='lat' dir='ltr'>atque</span> <span class='ocrx_word' id='word_1_153' title='bbox 859 2142 1082 2224; x_wconf 88' lang='lat' dir='ltr'>imperfectum</span> <span class='ocrx_word' id='word_1_154' title='bbox 1116 2143 1148 2205; x_wconf 92' lang='lat' dir='ltr'>in</span> <span class='ocrx_word' id='word_1_155' title='bbox 1181 2142 1347 2207; x_wconf 84' lang='lat' dir='ltr'>sententiis</span> 
     </span>
     <span class='ocr_line' id='line_1_18' title="bbox 130 2245 1348 2333; baseline 0.004 -24"><span class='ocrx_word' id='word_1_156' title='bbox 130 2245 132 2249; x_wconf 79' lang='grc'><strong>’</strong></span> <span class='ocrx_word' id='word_1_157' title='bbox 176 2246 344 2330; x_wconf 86' lang='lat' dir='ltr'>primariis.</span> <span class='ocrx_word' id='word_1_158' title='bbox 391 2249 463 2313; x_wconf 91' lang='lat' dir='ltr'>Huc</span> <span class='ocrx_word' id='word_1_159' title='bbox 492 2249 629 2332; x_wconf 88' lang='lat' dir='ltr'>pertinet</span> <span class='ocrx_word' id='word_1_160' title='bbox 659 2248 755 2312; x_wconf 90' lang='lat' dir='ltr'>etiarn</span> <span class='ocrx_word' id='word_1_161' title='bbox 786 2249 950 2332; x_wconf 86' lang='lat' dir='ltr'>optativus</span> <span class='ocrx_word' id='word_1_162' title='bbox 973 2248 1084 2314; x_wconf 89' lang='lat' dir='ltr'>aoristi</span> <span class='ocrx_word' id='word_1_163' title='bbox 1107 2257 1140 2313; x_wconf 89' lang='lat' dir='ltr'>et</span> <span class='ocrx_word' id='word_1_164' title='bbox 1168 2250 1348 2333; x_wconf 88' lang='lat' dir='ltr'>praesentis</span> 
     </span>
     <span class='ocr_line' id='line_1_19' title="bbox 176 2353 1347 2440; baseline 0.003 -24"><span class='ocrx_word' id='word_1_165' title='bbox 176 2373 246 2417; x_wconf 88' lang='lat' dir='ltr'>curn</span> <span class='ocrx_word' id='word_1_166' title='bbox 278 2353 317 2418; x_wconf 86' lang='grc' dir='ltr'>ἂν</span> <span class='ocrx_word' id='word_1_167' title='bbox 349 2356 544 2437; x_wconf 84' lang='lat' dir='ltr'>coniunctus,</span> <span class='ocrx_word' id='word_1_168' title='bbox 578 2357 612 2440; x_wconf 31' lang='lat' dir='ltr'>si,</span> <span class='ocrx_word' id='word_1_169' title='bbox 636 2354 675 2419; x_wconf 89' lang='lat' dir='ltr'>dc</span> <span class='ocrx_word' id='word_1_170' title='bbox 705 2376 739 2420; x_wconf 91' lang='lat' dir='ltr'>re</span> <span class='ocrx_word' id='word_1_171' title='bbox 770 2357 945 2440; x_wconf 87' lang='lat' dir='ltr'>praeterita</span> <span class='ocrx_word' id='word_1_172' title='bbox 970 2355 1075 2420; x_wconf 88' lang='lat' dir='ltr'>dictus</span> <span class='ocrx_word' id='word_1_173' title='bbox 1104 2357 1198 2436; x_wconf 75' lang='lat' dir='ltr'>est2).</span> <span class='ocrx_word' id='word_1_174' title='bbox 1244 2355 1347 2421; x_wconf 82' lang='lat' dir='ltr'>Aliter</span> 
     </span>
     <span class='ocr_line' id='line_1_20' title="bbox 176 2462 1347 2548; baseline 0.003 -23"><span class='ocrx_word' id='word_1_175' title='bbox 176 2471 281 2525; x_wconf 90' lang='lat' dir='ltr'>autern</span> <span class='ocrx_word' id='word_1_176' title='bbox 306 2462 565 2546; x_wconf 89' lang='lat' dir='ltr'>interpretandus</span> <span class='ocrx_word' id='word_1_177' title='bbox 588 2471 637 2529; x_wconf 91' lang='lat' dir='ltr'>est</span> <span class='ocrx_word' id='word_1_178' title='bbox 661 2464 833 2548; x_wconf 83' lang='lat' dir='ltr'>optativus,</span> <span class='ocrx_word' id='word_1_179' title='bbox 871 2463 924 2545; x_wconf 92' lang='lat' dir='ltr'>qui</span> <span class='ocrx_word' id='word_1_180' title='bbox 955 2464 987 2527; x_wconf 91' lang='lat' dir='ltr'>in</span> <span class='ocrx_word' id='word_1_181' title='bbox 1011 2464 1177 2528; x_wconf 84' lang='lat' dir='ltr'>sententiis</span> <span class='ocrx_word' id='word_1_182' title='bbox 1208 2463 1347 2547; x_wconf 87' lang='lat' dir='ltr'>penden-</span> 
     </span>
     <span class='ocr_line' id='line_1_21' title="bbox 176 2568 1345 2655; baseline 0.003 -24"><span class='ocrx_word' id='word_1_183' title='bbox 176 2569 261 2632; x_wconf 87' lang='lat' dir='ltr'>tibus</span> <span class='ocrx_word' id='word_1_184' title='bbox 290 2568 331 2633; x_wconf 86' lang='lat' dir='ltr'>ab</span> <span class='ocrx_word' id='word_1_185' title='bbox 361 2571 505 2653; x_wconf 88' lang='lat' dir='ltr'>optativo</span> <span class='ocrx_word' id='word_1_186' title='bbox 536 2590 606 2634; x_wconf 88' lang='lat' dir='ltr'>curn</span> <span class='ocrx_word' id='word_1_187' title='bbox 640 2569 680 2635; x_wconf 84' lang='grc' dir='ltr'>ἄν</span> <span class='ocrx_word' id='word_1_188' title='bbox 713 2572 746 2636; x_wconf 94' lang='lat' dir='ltr'>vi</span> <span class='ocrx_word' id='word_1_189' title='bbox 776 2570 929 2655; x_wconf 86' lang='lat' dir='ltr'>temporis</span> <span class='ocrx_word' id='word_1_190' title='bbox 960 2571 1137 2655; x_wconf 86' lang='lat' dir='ltr'>praesentis</span> <span class='ocrx_word' id='word_1_191' title='bbox 1167 2571 1217 2636; x_wconf 91' lang='lat' dir='ltr'>vel</span> <span class='ocrx_word' id='word_1_192' title='bbox 1248 2570 1345 2635; x_wconf 87' lang='lat' dir='ltr'>futuri</span> 
     </span>
     <span class='ocr_line' id='line_1_22' title="bbox 176 2674 1346 2762; baseline 0.002 -23"><span class='ocrx_word' id='word_1_193' title='bbox 176 2674 323 2759; x_wconf 91' lang='lat' dir='ltr'>praedito</span> <span class='ocrx_word' id='word_1_194' title='bbox 346 2677 480 2760; x_wconf 82' lang='lat' dir='ltr'>legitur3</span> <span class='ocrx_word' id='word_1_195' title='bbox 517 2684 582 2742; x_wconf 83' lang='lat' dir='ltr'>turn</span> <span class='ocrx_word' id='word_1_196' title='bbox 614 2699 675 2742; x_wconf 90' lang='lat' dir='ltr'>non</span> <span class='ocrx_word' id='word_1_197' title='bbox 705 2678 858 2742; x_wconf 87' lang='lat' dir='ltr'>babemus</span> <span class='ocrx_word' id='word_1_198' title='bbox 890 2679 1067 2762; x_wconf 90' lang='lat' dir='ltr'>optativum</span> <span class='ocrx_word' id='word_1_199' title='bbox 1092 2677 1264 2759; x_wconf 88' lang='lat' dir='ltr'>obliquum,</span> <span class='ocrx_word' id='word_1_200' title='bbox 1289 2677 1346 2742; x_wconf 91' lang='lat' dir='ltr'>sed</span> 
     </span>
     <span class='ocr_line' id='line_1_23' title="bbox 177 2782 1348 2867; baseline 0.004 -22"><span class='ocrx_word' id='word_1_201' title='bbox 177 2782 229 2847; x_wconf 91' lang='lat' dir='ltr'>bic</span> <span class='ocrx_word' id='word_1_202' title='bbox 259 2786 420 2867; x_wconf 89' lang='lat' dir='ltr'>optativus</span> <span class='ocrx_word' id='word_1_203' title='bbox 450 2786 678 2850; x_wconf 82' lang='lat' dir='ltr'>assimilatione</span> <span class='ocrx_word' id='word_1_204' title='bbox 708 2788 771 2866; x_wconf 90' lang='lat' dir='ltr'>(vel</span> <span class='ocrx_word' id='word_1_205' title='bbox 795 2788 1000 2866; x_wconf 82' lang='lat' dir='ltr'>attractione)</span> <span class='ocrx_word' id='word_1_206' title='bbox 1032 2785 1118 2850; x_wconf 91' lang='lat' dir='ltr'>modi</span> <span class='ocrx_word' id='word_1_207' title='bbox 1142 2793 1272 2851; x_wconf 84' lang='lat' dir='ltr'>exortus</span> <span class='ocrx_word' id='word_1_208' title='bbox 1299 2792 1348 2852; x_wconf 87' lang='lat' dir='ltr'>est</span> 
     </span>
     <span class='ocr_line' id='line_1_24' title="bbox 175 2889 1347 2976; baseline 0.003 -23"><span class='ocrx_word' id='word_1_209' title='bbox 175 2889 308 2955; x_wconf 88' lang='lat' dir='ltr'>etmihi</span> <span class='ocrx_word' id='word_1_210' title='bbox 332 2890 468 2956; x_wconf 89' lang='lat' dir='ltr'>eandem</span> <span class='ocrx_word' id='word_1_211' title='bbox 492 2892 652 2957; x_wconf 92' lang='lat' dir='ltr'>notionem</span> <span class='ocrx_word' id='word_1_212' title='bbox 679 2892 796 2958; x_wconf 91' lang='lat' dir='ltr'>habere</span> <span class='ocrx_word' id='word_1_213' title='bbox 820 2892 946 2958; x_wconf 88' lang='lat' dir='ltr'>videtur</span> <span class='ocrx_word' id='word_1_214' title='bbox 970 2901 1066 2974; x_wconf 89' lang='lat' dir='ltr'>atque</span> <span class='ocrx_word' id='word_1_215' title='bbox 1090 2892 1252 2976; x_wconf 88' lang='lat' dir='ltr'>optativus</span> <span class='ocrx_word' id='word_1_216' title='bbox 1276 2912 1347 2956; x_wconf 92' lang='lat' dir='ltr'>cum</span> 
     </span>
     <span class='ocr_line' id='line_1_25' title="bbox 178 2997 1348 3064; baseline 0.003 -5"><span class='ocrx_word' id='word_1_217' title='bbox 178 2997 218 3059; x_wconf 83' lang='grc' dir='ltr'>ἂν</span> <span class='ocrx_word' id='word_1_218' title='bbox 242 2998 436 3063; x_wconf 87' lang='lat' dir='ltr'>coniunctus.</span> <span class='ocrx_word' id='word_1_219' title='bbox 482 2997 606 3063; x_wconf 81' lang='lat' dir='ltr'>Eodem</span> <span class='ocrx_word' id='word_1_220' title='bbox 631 2998 724 3063; x_wconf 91' lang='lat' dir='ltr'>modo</span> <span class='ocrx_word' id='word_1_221' title='bbox 749 3020 799 3064; x_wconf 91' lang='lat' dir='ltr'>res</span> <span class='ocrx_word' id='word_1_222' title='bbox 823 3020 857 3064; x_wconf 88' lang='lat' dir='ltr'>se</span> <span class='ocrx_word' id='word_1_223' title='bbox 888 3000 987 3064; x_wconf 88' lang='lat' dir='ltr'>babet</span> <span class='ocrx_word' id='word_1_224' title='bbox 1018 3002 1047 3062; x_wconf 89' lang='lat' dir='ltr'>in</span> <span class='ocrx_word' id='word_1_225' title='bbox 1078 3000 1244 3064; x_wconf 88' lang='lat' dir='ltr'>sententiis</span> <span class='ocrx_word' id='word_1_226' title='bbox 1274 3020 1348 3064; x_wconf 88' lang='lat' dir='ltr'>con·</span> 
     </span>
     <span class='ocr_line' id='line_1_26' title="bbox 177 3103 1348 3191; baseline 0.003 -24"><span class='ocrx_word' id='word_1_227' title='bbox 177 3103 407 3183; x_wconf 84' lang='lat' dir='ltr'>dicionalibus3</span> <span class='ocrx_word' id='word_1_228' title='bbox 432 3105 465 3168; x_wconf 91' lang='lat' dir='ltr'>in</span> <span class='ocrx_word' id='word_1_229' title='bbox 489 3106 648 3170; x_wconf 87' lang='lat' dir='ltr'>sententia</span> <span class='ocrx_word' id='word_1_230' title='bbox 671 3107 824 3189; x_wconf 88' lang='lat' dir='ltr'>primaria</span> <span class='ocrx_word' id='word_1_231' title='bbox 841 3108 1003 3191; x_wconf 89' lang='lat' dir='ltr'>optativus</span> <span class='ocrx_word' id='word_1_232' title='bbox 1021 3127 1091 3170; x_wconf 91' lang='lat' dir='ltr'>cum</span> <span class='ocrx_word' id='word_1_233' title='bbox 1110 3106 1149 3170; x_wconf 84' lang='grc' dir='ltr'>ἂν</span> <span class='ocrx_word' id='word_1_234' title='bbox 1174 3107 1348 3171; x_wconf 87' lang='lat' dir='ltr'>collocatus</span> 
     </span>
     <span class='ocr_line' id='line_1_27' title="bbox 177 3210 1347 3297; baseline 0.002 -23"><span class='ocrx_word' id='word_1_235' title='bbox 177 3219 235 3291; x_wconf 90' lang='lat' dir='ltr'>est,</span> <span class='ocrx_word' id='word_1_236' title='bbox 261 3230 331 3274; x_wconf 87' lang='lat' dir='ltr'>cum</span> <span class='ocrx_word' id='word_1_237' title='bbox 355 3211 388 3274; x_wconf 92' lang='lat' dir='ltr'>in</span> <span class='ocrx_word' id='word_1_238' title='bbox 412 3210 571 3276; x_wconf 88' lang='lat' dir='ltr'>sententia</span> <span class='ocrx_word' id='word_1_239' title='bbox 595 3213 636 3277; x_wconf 91' lang='lat' dir='ltr'>ab</span> <span class='ocrx_word' id='word_1_240' title='bbox 660 3213 687 3276; x_wconf 87' lang='grc' dir='ltr'>εἰ</span> <span class='ocrx_word' id='word_1_241' title='bbox 710 3214 884 3296; x_wconf 88' lang='lat' dir='ltr'>incipiente</span> <span class='ocrx_word' id='word_1_242' title='bbox 908 3212 1011 3278; x_wconf 90' lang='lat' dir='ltr'>nudus</span> <span class='ocrx_word' id='word_1_243' title='bbox 1033 3215 1195 3297; x_wconf 87' lang='lat' dir='ltr'>optativus</span> <span class='ocrx_word' id='word_1_244' title='bbox 1211 3215 1347 3296; x_wconf 81' lang='lat' dir='ltr'>legatur.</span> 
     </span>
     <span class='ocr_line' id='line_1_28' title="bbox 177 3317 1349 3404; baseline 0.003 -24"><span class='ocrx_word' id='word_1_245' title='bbox 177 3318 343 3383; x_wconf 80' lang='lat' dir='ltr'>Assentior</span> <span class='ocrx_word' id='word_1_246' title='bbox 372 3319 403 3382; x_wconf 92' lang='lat' dir='ltr'>in</span> <span class='ocrx_word' id='word_1_247' title='bbox 432 3317 493 3383; x_wconf 89' lang='lat' dir='ltr'>bac</span> <span class='ocrx_word' id='word_1_248' title='bbox 524 3338 558 3383; x_wconf 91' lang='lat' dir='ltr'>re</span> <span class='ocrx_word' id='word_1_249' title='bbox 585 3319 738 3384; x_wconf 84' lang='lat' dir='ltr'>Ktthnero</span> <span class='ocrx_word' id='word_1_250' title='bbox 763 3320 899 3385; x_wconf 89' lang='lat' dir='ltr'>dicenti:</span> <span class='ocrx_word' id='word_1_251' title='bbox 928 3320 1038 3404; x_wconf 85' lang='lat' dir='ltr'>„Aucb</span> <span class='ocrx_word' id='word_1_252' title='bbox 1064 3320 1133 3385; x_wconf 90' lang='lat' dir='ltr'>hier</span> <span class='ocrx_word' id='word_1_253' title='bbox 1156 3322 1268 3385; x_wconf 90' lang='lat' dir='ltr'>nimmt</span> <span class='ocrx_word' id='word_1_254' title='bbox 1291 3319 1349 3384; x_wconf 87' lang='lat' dir='ltr'>der</span> 
     </span>
     <span class='ocr_line' id='line_1_29' title="bbox 178 3424 1347 3511; baseline 0.003 -23"><span class='ocrx_word' id='word_1_255' title='bbox 178 3424 360 3489; x_wconf 83' lang='lat' dir='ltr'>Nebensatz</span> <span class='ocrx_word' id='word_1_256' title='bbox 384 3425 445 3489; x_wconf 89' lang='lat' dir='ltr'>den</span> <span class='ocrx_word' id='word_1_257' title='bbox 471 3425 650 3491; x_wconf 81' lang='lat' dir='ltr'>Oharakter</span> <span class='ocrx_word' id='word_1_258' title='bbox 674 3426 731 3491; x_wconf 90' lang='lat' dir='ltr'>des</span> <span class='ocrx_word' id='word_1_259' title='bbox 748 3426 964 3511; x_wconf 84' lang='lat' dir='ltr'>Hauptsatzes</span> <span class='ocrx_word' id='word_1_260' title='bbox 981 3448 1032 3503; x_wconf 88' lang='lat' dir='ltr'>an,</span> <span class='ocrx_word' id='word_1_261' title='bbox 1057 3426 1164 3491; x_wconf 83' lang='lat' dir='ltr'>iridem</span> <span class='ocrx_word' id='word_1_262' title='bbox 1180 3427 1271 3509; x_wconf 84' lang='lat' dir='ltr'>jener</span> <span class='ocrx_word' id='word_1_263' title='bbox 1289 3427 1347 3491; x_wconf 85' lang='lat' dir='ltr'>rvie</span> 
     </span>
     <span class='ocr_line' id='line_1_30' title="bbox 178 3530 1348 3617; baseline 0.003 -24"><span class='ocrx_word' id='word_1_264' title='bbox 178 3530 282 3596; x_wconf 89' lang='lat' dir='ltr'>dieser</span> <span class='ocrx_word' id='word_1_265' title='bbox 314 3533 385 3596; x_wconf 88' lang='lat' dir='ltr'>eine</span> <span class='ocrx_word' id='word_1_266' title='bbox 418 3532 522 3597; x_wconf 88' lang='lat' dir='ltr'>blosse</span> <span class='ocrx_word' id='word_1_267' title='bbox 553 3532 755 3615; x_wconf 81' lang='lat' dir='ltr'>Vorstellung</span> <span class='ocrx_word' id='word_1_268' title='bbox 788 3532 845 3597; x_wconf 91' lang='lat' dir='ltr'>der</span> <span class='ocrx_word' id='word_1_269' title='bbox 879 3534 1100 3617; x_wconf 74' lang='lat' dir='ltr'>Mbglicblreit,</span> <span class='ocrx_word' id='word_1_270' title='bbox 1135 3536 1205 3598; x_wconf 84' lang='lat' dir='ltr'>eine</span> <span class='ocrx_word' id='word_1_271' title='bbox 1238 3540 1348 3598; x_wconf 87' lang='lat' dir='ltr'>unent·</span> 
     </span>
     <span class='ocr_line' id='line_1_31' title="bbox 177 3637 1347 3722; baseline 0.001 -19"><span class='ocrx_word' id='word_1_272' title='bbox 177 3637 349 3703; x_wconf 86' lang='lat' dir='ltr'>schiedene</span> <span class='ocrx_word' id='word_1_273' title='bbox 392 3639 613 3722; x_wconf 82' lang='lat' dir='ltr'>Mbglichlrcit,</span> <span class='ocrx_word' id='word_1_274' title='bbox 653 3640 735 3705; x_wconf 91' lang='lat' dir='ltr'>ohne</span> <span class='ocrx_word' id='word_1_275' title='bbox 774 3641 836 3705; x_wconf 89' lang='lat' dir='ltr'>alle</span> <span class='ocrx_word' id='word_1_276' title='bbox 876 3640 1056 3706; x_wconf 81' lang='lat' dir='ltr'>Rticksiobt</span> <span class='ocrx_word' id='word_1_277' title='bbox 1095 3644 1153 3705; x_wconf 86' lang='lat' dir='ltr'>aut&#39;</span> <span class='ocrx_word' id='word_1_278' title='bbox 1192 3641 1347 3705; x_wconf 67' lang='lat' dir='ltr'>Ver-vviri&lt;-</span> 
     </span>
     <span class='ocr_line' id='line_1_32' title="bbox 178 3744 1347 3831; baseline 0.005 -25"><span class='ocrx_word' id='word_1_279' title='bbox 178 3744 308 3827; x_wconf 79' lang='lat' dir='ltr'>licbung</span> <span class='ocrx_word' id='word_1_280' title='bbox 331 3744 573 3826; x_wconf 76' lang='lat' dir='ltr'>ausdruckt.“³)</span> <span class='ocrx_word' id='word_1_281' title='bbox 621 3746 724 3810; x_wconf 84' lang='lat' dir='ltr'>Aliter</span> <span class='ocrx_word' id='word_1_282' title='bbox 748 3753 854 3811; x_wconf 89' lang='lat' dir='ltr'>autem</span> <span class='ocrx_word' id='word_1_283' title='bbox 878 3746 1085 3812; x_wconf 84' lang='lat' dir='ltr'>iudicandum</span> <span class='ocrx_word' id='word_1_284' title='bbox 1116 3756 1164 3813; x_wconf 92' lang='lat' dir='ltr'>est</span> <span class='ocrx_word' id='word_1_285' title='bbox 1188 3747 1228 3812; x_wconf 89' lang='lat' dir='ltr'>de</span> <span class='ocrx_word' id='word_1_286' title='bbox 1260 3755 1347 3831; x_wconf 88' lang='lat' dir='ltr'>opta-</span> 
     </span>
     <span class='ocr_line' id='line_1_33' title="bbox 177 3849 1348 3939; baseline 0.004 -26"><span class='ocrx_word' id='word_1_287' title='bbox 177 3852 253 3930; x_wconf 90' lang='lat' dir='ltr'>tivo,</span> <span class='ocrx_word' id='word_1_288' title='bbox 290 3852 343 3933; x_wconf 86' lang='lat' dir='ltr'>qui</span> <span class='ocrx_word' id='word_1_289' title='bbox 368 3872 408 3916; x_wconf 84' lang='lat' dir='ltr'>ex</span> <span class='ocrx_word' id='word_1_290' title='bbox 432 3859 575 3937; x_wconf 87' lang='lat' dir='ltr'>tempore</span> <span class='ocrx_word' id='word_1_291' title='bbox 598 3849 744 3938; x_wconf 89' lang='lat' dir='ltr'>perfecto</span> <span class='ocrx_word' id='word_1_292' title='bbox 768 3853 801 3917; x_wconf 94' lang='lat' dir='ltr'>in</span> <span class='ocrx_word' id='word_1_293' title='bbox 829 3855 988 3919; x_wconf 85' lang='lat' dir='ltr'>sententia</span> <span class='ocrx_word' id='word_1_294' title='bbox 1017 3855 1168 3938; x_wconf 88' lang='lat' dir='ltr'>primaria</span> <span class='ocrx_word' id='word_1_295' title='bbox 1196 3861 1348 3939; x_wconf 89' lang='lat' dir='ltr'>usurpato</span> 
     </span>
     <span class='ocr_line' id='line_1_34' title="bbox 177 3957 1349 4043; baseline 0.004 -22"><span class='ocrx_word' id='word_1_296' title='bbox 177 3957 306 4041; x_wconf 87' lang='lat' dir='ltr'>pendet.</span> <span class='ocrx_word' id='word_1_297' title='bbox 353 3958 502 4025; x_wconf 89' lang='lat' dir='ltr'>Perfecto</span> <span class='ocrx_word' id='word_1_298' title='bbox 526 3959 589 4043; x_wconf 92' lang='lat' dir='ltr'>ipsi</span> <span class='ocrx_word' id='word_1_299' title='bbox 613 3980 727 4043; x_wconf 88' lang='lat' dir='ltr'>perse</span> <span class='ocrx_word' id='word_1_300' title='bbox 752 3961 801 4024; x_wconf 89' lang='lat' dir='ltr'>vis</span> <span class='ocrx_word' id='word_1_301' title='bbox 824 3959 981 4042; x_wconf 85' lang='lat' dir='ltr'>quaedam</span> <span class='ocrx_word' id='word_1_302' title='bbox 1007 3962 1171 4043; x_wconf 88' lang='lat' dir='ltr'>praeteriti</span> <span class='ocrx_word' id='word_1_303' title='bbox 1196 3961 1349 4026; x_wconf 82' lang='lat' dir='ltr'>adiuncta</span> 
     </span>
    </p>
   </div>
   <div class='ocr_carea' id='block_1_3' title="bbox 178 4145 1348 4573">
    <p class='ocr_par' dir='ltr' id='par_1_4' title="bbox 178 4145 1348 4573">
     <span class='ocr_line' id='line_1_35' title="bbox 285 4145 1347 4218; baseline 0.002 -18"><span class='ocrx_word' id='word_1_304' title='bbox 285 4148 311 4215; x_wconf 91' lang='lat'>1)</span> <span class='ocrx_word' id='word_1_305' title='bbox 332 4145 374 4200; x_wconf 83' lang='lat' dir='ltr'>Of.</span> <span class='ocrx_word' id='word_1_306' title='bbox 395 4145 706 4212; x_wconf 62' lang='lat' dir='ltr'>Curtius-Hermi,</span> <span class='ocrx_word' id='word_1_307' title='bbox 736 4147 853 4210; x_wconf 87' lang='lat' dir='ltr'>Griech.</span> <span class='ocrx_word' id='word_1_308' title='bbox 874 4148 1011 4218; x_wconf 80' lang='lat' dir='ltr'>Schulgr.</span> <span class='ocrx_word' id='word_1_309' title='bbox 1031 4149 1094 4202; x_wconf 87' lang='lat' dir='ltr'>XX.</span> <span class='ocrx_word' id='word_1_310' title='bbox 1116 4148 1193 4202; x_wconf 84' lang='lat' dir='ltr'>Aufl.</span> <span class='ocrx_word' id='word_1_311' title='bbox 1214 4154 1228 4211; x_wconf 63' lang='grc' dir='ltr'>ξ</span> <span class='ocrx_word' id='word_1_312' title='bbox 1248 4149 1308 4213; x_wconf 81' lang='grc'>906,</span> <span class='ocrx_word' id='word_1_313' title='bbox 1323 4150 1347 4202; x_wconf 90' lang='grc'>3.</span> 
     </span>
     <span class='ocr_line' id='line_1_36' title="bbox 280 4236 1348 4307; baseline 0.002 -18"><span class='ocrx_word' id='word_1_314' title='bbox 280 4236 308 4304; x_wconf 81' lang='grc'>2)</span> <span class='ocrx_word' id='word_1_315' title='bbox 327 4236 394 4290; x_wconf 88' lang='lat' dir='ltr'>Hoc</span> <span class='ocrx_word' id='word_1_316' title='bbox 413 4236 533 4290; x_wconf 88' lang='lat' dir='ltr'>dicendi</span> <span class='ocrx_word' id='word_1_317' title='bbox 546 4252 644 4306; x_wconf 76' lang='lat' dir='ltr'>genus</span> <span class='ocrx_word' id='word_1_318' title='bbox 664 4238 745 4307; x_wconf 87' lang='lat' dir='ltr'>apud</span> <span class='ocrx_word' id='word_1_319' title='bbox 762 4237 923 4291; x_wconf 86' lang='lat' dir='ltr'>Homerum</span> <span class='ocrx_word' id='word_1_320' title='bbox 945 4240 1016 4291; x_wconf 86' lang='lat' dir='ltr'>satis</span> <span class='ocrx_word' id='word_1_321' title='bbox 1035 4240 1176 4307; x_wconf 83' lang='lat' dir='ltr'>frequens</span> <span class='ocrx_word' id='word_1_322' title='bbox 1191 4246 1348 4307; x_wconf 79' lang='lat' dir='ltr'>estusque</span> 
     </span>
     <span class='ocr_line' id='line_1_37' title="bbox 178 4325 1348 4396; baseline 0.002 -19"><span class='ocrx_word' id='word_1_323' title='bbox 178 4326 260 4394; x_wconf 87' lang='lat' dir='ltr'>apud</span> <span class='ocrx_word' id='word_1_324' title='bbox 281 4326 441 4394; x_wconf 84' lang='lat' dir='ltr'>scriptores</span> <span class='ocrx_word' id='word_1_325' title='bbox 455 4326 629 4394; x_wconf 91' lang='lat' dir='ltr'>posterioris</span> <span class='ocrx_word' id='word_1_326' title='bbox 643 4327 785 4396; x_wconf 87' lang='lat' dir='ltr'>temporis</span> <span class='ocrx_word' id='word_1_327' title='bbox 800 4327 890 4395; x_wconf 84' lang='lat' dir='ltr'>plane</span> <span class='ocrx_word' id='word_1_328' title='bbox 909 4327 1001 4381; x_wconf 89' lang='lat' dir='ltr'>deest.</span> <span class='ocrx_word' id='word_1_329' title='bbox 1031 4326 1074 4381; x_wconf 78' lang='lat' dir='ltr'>Cf</span> <span class='ocrx_word' id='word_1_330' title='bbox 1098 4326 1225 4391; x_wconf 61' lang='lat' dir='ltr'>Kiihn„</span> <span class='ocrx_word' id='word_1_331' title='bbox 1247 4325 1348 4381; x_wconf 83' lang='lat' dir='ltr'>Grani.</span> 
     </span>
     <span class='ocr_line' id='line_1_38' title="bbox 178 4414 410 4483; baseline -0.009 -15"><span class='ocrx_word' id='word_1_332' title='bbox 178 4428 257 4469; x_wconf 78' lang='lat' dir='ltr'>max,</span> <span class='ocrx_word' id='word_1_333' title='bbox 277 4419 292 4478; x_wconf 63' lang='grc' dir='ltr'><em>ξ</em></span> <span class='ocrx_word' id='word_1_334' title='bbox 310 4415 371 4483; x_wconf 89' lang='grc'>396,</span> <span class='ocrx_word' id='word_1_335' title='bbox 385 4414 410 4467; x_wconf 81' lang='grc'>9.</span> 
     </span>
     <span class='ocr_line' id='line_1_39' title="bbox 284 4503 814 4573; baseline 0.004 -17"><span class='ocrx_word' id='word_1_336' title='bbox 284 4504 313 4573; x_wconf 93' lang='grc'>3)</span> <span class='ocrx_word' id='word_1_337' title='bbox 332 4503 462 4573; x_wconf 75' lang='lat' dir='ltr'>Kirna,</span> <span class='ocrx_word' id='word_1_338' title='bbox 481 4503 532 4559; x_wconf 84' lang='lat' dir='ltr'>Gr.</span> <span class='ocrx_word' id='word_1_339' title='bbox 551 4519 631 4558; x_wconf 84' lang='lat' dir='ltr'>max.</span> <span class='ocrx_word' id='word_1_340' title='bbox 655 4508 670 4568; x_wconf 66' lang='grc' dir='ltr'>ἓ</span> <span class='ocrx_word' id='word_1_341' title='bbox 689 4504 750 4569; x_wconf 88' lang='grc'>399,</span> <span class='ocrx_word' id='word_1_342' title='bbox 764 4506 814 4558; x_wconf 89' lang='lat' dir='ltr'>6b.</span> 
     </span>
    </p>
   </div>
   <div class='ocr_carea' id='block_1_4' title="bbox 0 0 1602 4900">
    <p class='ocr_par' dir='ltr' id='par_1_5' title="bbox 0 0 1602 4900">
     <span class='ocr_line' id='line_1_40' title="bbox 0 0 1602 4900; baseline 0 0"><span class='ocrx_word' id='word_1_343' title='bbox 0 0 1602 4900; x_wconf 95' lang='lat' dir='ltr'> </span> 
     </span>
    </p>
   </div>
  </div>
 </body>
</html>
