3184 4900
674 340 850 396 -12-

174 518 263 584 leinii
287 527 319 585 et
344 519 517 603 Dindorfii3
542 521 682 605 Orusius,
706 522 850 587 Dhntzer
866 522 985 606 aliique
1001 530 1076 590 ante
1093 527 1133 604 μὴ
1150 528 1346 609 cogitatione

174 627 386 713 supplendum
415 648 485 694 esse
518 631 647 694 δειδιότι
676 628 796 712 dicunt,
831 629 917 713 quod
946 632 1150 717 participium
1179 634 1220 699 ad
1259 636 1346 720 αὐτῷ

174 735 326 800 referunt.
373 736 509 801 Locutio
533 737 587 815 ἐχε
610 737 728 818 τρόμος
757 738 789 802 in
820 758 854 802 se
882 740 953 824 ipsa
982 739 1046 805 virn
1075 740 1209 807 timendi
1237 743 1344 808 hahet.

175 843 224 906 XI
247 844 322 908 508.
357 846 414 928 ’τῷ
448 845 488 924 ῥα
521 846 726 925 περίδδεισαν
759 847 855 924 μένεα
888 846 1054 926 πνείοντες
1083 847 1213 932 Ἀχαιοί,
1237 887 1280 895 -
1304 853 1345 929 μή

174 951 244 1028 πώς
270 972 321 1030 μιν
344 953 498 1031 πολέμοιο
522 953 784 1031 μετακλινθέντος
809 954 922 1018 ἕλοιεν.
970 956 1048 1019 XIV
1064 957 1140 1020 261.
1165 956 1257 1023 ἅζετο
1273 957 1345 1039 γάρ,

175 1061 215 1136 μὴ
242 1060 336 1122 Νυκτὶ
360 1065 418 1143 θοῇ
443 1059 605 1139 ἀποθύμια
630 1061 727 1141 ἐρδοι.
774 1061 888 1125 Mirum
912 1063 945 1126 in
974 1063 1102 1129 modurn
1127 1064 1345 1142 Eusthatius¹l

175 1165 250 1248 984,
276 1167 315 1230 37
353 1166 425 1251 ῥέξῃ
457 1188 514 1252 pro
542 1167 629 1247 ἐρδοι
654 1168 742 1250 legit,
776 1188 846 1233 cunr
871 1169 1018 1250 cirues
1050 1171 1148 1252 ἐρδοι,
1182 1191 1265 1254 quae
1298 1180 1347 1237 est

175 1273 335 1338 scribendi
359 1276 442 1339 ratio
466 1277 604 1344 ornuiurn
629 1275 786 1357 codicum,
816 1276 1002 1341 adnotatum
1028 1280 1077 1343 sit.
1124 1279 1204 1345 Utut
1233 1299 1283 1345 res
1312 1299 1346 1344 se

176 1376 288 1447 hahet:
324 1384 515 1448 auctoritate
546 1383 691 1449 codicum
723 1386 911 1469 optimorum
937 1385 1148 1451 discernenda
1179 1392 1237 1468 est,
1271 1388 1292 1451 i.
1318 1407 1344 1450 e.

175 1491 264 1570 ἐρδοι
289 1510 364 1556 vera
387 1490 491 1557 forrna
515 1498 573 1559 est.
620 1491 717 1555 XVII
732 1492 807 1556 666.
832 1495 903 1571 περὶ
927 1480 987 1571 γάρ
1012 1494 1070 1572 δίε,
1094 1495 1134 1572 μή
1159 1515 1212 1571 μιν
1227 1492 1346 1571 Ἀχαιοὶ

174 1636 217 1644 -—
234 1597 393 1679 ἀργαλέον
411 1601 474 1677 πρὸ
491 1600 609 1678 φόβοιο
626 1599 709 1679 ἐλωρ
727 1600 846 1676 δηίοισι
863 1600 997 1665 λίποιεν.
1044 1601 1156 1665 XVIII
1172 1602 1225 1664 34.
1251 1602 1346 1665 δείδιε
1448 1671 1451 1678 ,
1562 1599 1579 1626 “

175 1707 245 1785 γάρ,
278 1709 318 1785 μὴ
349 1708 462 1786 λαιμὸν
490 1706 667 1788 ἀπαμήσειε
698 1709 830 1791 σιδήρῳ.
877 1707 987 1773 Codex
1012 1709 1237 1772 Townleianus
1261 1709 1346 1772 solus

177 1834 247 1877 cum
271 1813 457 1879 Aristarcho
492 1814 590 1893 habet
622 1806 814 1896 ἀπαμήσειες
849 1815 944 1880 lectio
978 1821 1154 1879 ceterorum
1189 1814 1345 1896 codicum,

177 1940 238 2002 quo
274 1922 304 1984 in
341 1942 472 1986 numero
505 1928 553 1986 est
586 1923 682 1987 etiarn
717 1922 820 1987 codex
853 1925 990 2006 optimus
1023 1923 1166 1988 Venetus
1199 1924 1238 2005 Α,
1275 1943 1345 1987 curn

177 2027 341 2092 Zenodoto
366 2035 414 2093 est
437 2028 635 2108 ἀποτμήξειε.
683 2031 773 2093 Haeo
806 2029 910 2093 forma
942 2038 1072 2114 propter
1105 2036 1240 2094 metrum
1269 2030 1346 2094 mihi

177 2135 391 2220 praeferenda
415 2156 485 2201 esse
508 2136 649 2217 videtur3
674 2138 707 2201 in
731 2135 870 2215 ἀπαμάω
887 2138 970 2200 enim
988 2137 1108 2202 vocalis
1125 2133 1234 2221 u'post
1249 2138 1346 2221 sylla·

176 2244 250 2307 barn
274 2242 318 2307 ἀπ
344 2245 447 2307 brevis
472 2263 541 2308 esse
564 2244 655 2308 solet.
702 2244 817 2327 Itaque
832 2245 928 2307 miror
944 2240 1096 2333 plurimos
1112 2243 1252 2308 editores
1268 2243 1345 2307 ἀπα-

177 2354 286 2430 μήσειε
310 2352 485 2436 scripsisse.
533 2351 596 2415 XX
621 2353 660 2415 61
681 2371 750 2434 sqq.
784 2351 909 2415 ἐδεισεν
932 2352 1106 2430 ὑπένερθεν
1129 2350 1208 2417 ἄναξ
1227 2351 1346 2429 ἐνέρων

175 2458 355 2540 Ἀιδωνεύς,
369 2495 416 2529 .-
434 2460 543 2537 δείσας
569 2460 634 2523 δ’ἐκ
650 2460 770 2539 θρόνου
794 2458 874 2524 ἀλτο
898 2461 949 2523 καὶ
971 2459 1052 2541 ίαχε,
1082 2460 1122 2537 μή
1153 2460 1183 2524 οἱ
1210 2458 1346 2537 ὕπερθεν

176 2601 219 2610 -
243 2571 338 2642 γαῖαν
362 2566 546 2646 ἀναρρήξειε
566 2568 760 2632 Ποσειδάων
784 2568 973 2650 ἐνοσίχθων,
991 2605 1033 2612 -
1051 2568 1133 2631 οἰκία
1150 2568 1184 2630 δὲ
1201 2570 1346 2644 θνητοῖσι

176 2676 227 2737 καὶ
250 2673 438 2739 ἀθανάτοισι
463 2677 591 2754 φανείη.
640 2676 687 2739 De
712 2677 828 2755 φανείη
854 2674 1001 2740 codicum
1024 2676 1184 2759 scriptura
1206 2674 1290 2738 inter
1313 2693 1346 2739 se

177 2783 294 2846 variat:
331 2782 468 2867 optimus
496 2782 599 2847 codex
627 2783 705 2848 Ven.
731 2784 758 2847 Α
783 2782 915 2848 exhibet
938 2803 1083 2864 φανηιηι,
1112 2782 1347 2846 Laurentianus

179 2890 351 2972 ὓφανηη,
377 2890 604 2956 Townleianus
628 2911 748 2974 φανηῃ,
784 2909 854 2954 curn
890 2886 1018 2955 codices
1051 2896 1147 2953 notae
1179 2887 1347 2953 deterioris

177 2998 292 3075 φανείη
315 2998 499 3081 praebeant.
547 2996 806 3081 Respicientihus
822 2996 976 3062 lectiones
993 2998 1183 3082 optimorum
1201 2995 1346 3060 codicum

177 3103 306 3169 dubium
333 3125 401 3170 esse
425 3106 517 3169 nohis
540 3126 602 3169 non
626 3111 741 3190 potest,
776 3106 852 3186 quin
881 3104 1003 3169 librarii
1031 3103 1217 3168 erraverint.
1264 3104 1346 3170 Nam

178 3233 311 3290 φανηιηι
335 3219 366 3276 et
390 3233 499 3291 φανηη
524 3212 646 3277 formae
670 3218 743 3277 sunt
760 3231 948 3296 perversae3
973 3212 1081 3295 φανήῃ
1099 3209 1227 3292 quidem
1244 3210 1348 3275 forma

178 3319 261 3382 iusta
285 3326 349 3401 est3
385 3319 442 3384 sed
472 3321 707 3384 coniunctivum
737 3319 790 3384 hic
818 3319 963 3404 improbo
991 3320 1032 3383 oh
1062 3316 1191 3382 easdem
1223 3337 1346 3391 causas,

179 3445 258 3506 quas
281 3428 410 3510 supra²)
440 3426 481 3491 ad
506 3426 543 3494 ll.
569 3427 596 3489 V
620 3426 685 3491 666
709 3427 813 3491 attuli.
861 3425 954 3491 Adde
984 3427 1066 3491 XXI
1090 3425 1166 3489 328.
1199 3423 1281 3504 Ἥρη
1312 3425 1347 3487 δέ

178 3534 245 3611 μέγ’
279 3533 359 3599 ἀυσε
393 3536 610 3613 περιδδείσασ’
644 3533 773 3617 Ἀχιλῆι,
808 3571 850 3579 -
884 3536 924 3613 μή
958 3554 1009 3611 μιν
1045 3532 1216 3611 ἀποέρσειε
1249 3533 1347 3610 μέγας

178 3643 320 3720 ποταμὸς
346 3644 526 3721 βαθυδίνης.
759 3703 761 3708 .

285 3749 346 3815 od.
372 3751 433 3813 Vll
457 3751 531 3815 305.
568 3748 638 3816 dhh'
664 3752 727 3828 ἐγὼ
751 3751 810 3814 οὐκ
834 3751 947 3814 ἐθελον
975 3751 1086 3828 δείσας
1116 3746 1348 3826 αἰσχυνόμενός

178 3879 220 3933 τε,
244 3895 287 3902 -
311 3859 351 3936 μή
368 3878 438 3934 πως
463 3860 513 3922 καὶ
538 3860 590 3922 σοὶ
614 3860 714 3937 θυμὸς
738 3856 970 3922 ἐπισκύσσαιτο
987 3857 1096 3921 ἰδόντι.
1142 3855 1308 3920 Sententia
1330 3874 1349 3917 a

179 3966 218 4043 μὴ
232 3965 388 4048 incipiens
401 3986 462 4029 non
477 3974 541 4029 tarn
555 3964 597 4029 ad
610 3965 844 4044 αἰσχυνόμενος
859 3965 1040 4048 applicatur
1056 3983 1150 4045 quam
1167 3961 1208 4026 ad
1226 3963 1348 4040 δείσας.

286 4153 312 4216 1)
335 4150 477 4219 „Saeculo
502 4151 679 4206 duodecimo
706 4168 734 4220 p.
758 4150 825 4206 Chr.
852 4167 879 4203 n.
902 4150 1078 4204 Eusthatius
1105 4148 1348 4224 archiepiscopus

179 4241 453 4294 Thessalonicensis
482 4231 697 4310 amplissimum
726 4240 974 4293 commentarium
1004 4238 1107 4291 Iliadis
1136 4240 1167 4291 et
1195 4236 1349 4305 Odysseae

180 4331 309 4387 confecit
336 4330 525 4397 Παρεκβολων
553 4330 639 4383 titulo
667 4330 856 4399 inscriptum.
901 4329 1000 4382 Huius
1031 4326 1236 4381 commentarii
1263 4325 1350 4378 multi

179 4427 250 4477 sunt
268 4420 391 4474 fontes.“
431 4419 474 4473 Cf.
493 4418 743 4489 Sengebuseh,
762 4418 924 4472 Homerica
944 4418 1123 4484 dissertatio,
1143 4416 1203 4485 lp.
1224 4415 1267 4468 40.

286 4513 314 4580 2)
335 4510 378 4565 Cf.
397 4509 486 4563 huius
506 4524 611 4565 comm.
631 4525 661 4578 p.
679 4508 703 4562 9.
