3184 4900
1318 335 1671 433 -0-15—

323 523 544 605 νίωνα,
577 559 664 568 -
698 518 906 586 οὕνεκ’
942 519 1067 600 ἄρα
1112 521 1450 601 Τρώεσσιν
1498 519 1802 599 ἐβούλετο
1849 522 2043 612 κῦδος
2093 519 2304 599 ὀρέξαι
2322 521 2386 599 ¹).
2484 520 2664 592 Sunt,

324 631 432 713 qui
484 629 746 693 verbum
794 628 1116 693 αἰτιᾶσθαι
1164 632 1267 709 (=
1308 630 1722 714 „accusare“)
1789 633 2121 692 numerent
2186 627 2249 691 in
2308 627 2516 692 verbis
2576 628 2668 692 di-

327 734 513 801 cendi
529 737 599 816 2).
697 735 964 825 ¹Kiihncr
997 736 1332 811 αἰτιᾶσθαι,
1364 735 1890 801 si-accusativum
1924 754 2067 798 cum
2101 734 2419 799 infinitivo
2452 756 2668 800 secum

327 843 539 923 habet,
603 863 714 908 suo
780 842 915 908 iure
981 844 1044 906 in
1113 862 1372 907 numero
1439 842 1775 907 verborum
1824 841 2082 907 dicendi
2129 843 2329 926 ponit,
2368 839 2548 920 cuni,
2616 844 2668 904 si

328 951 689 1016 coniunctio
755 949 851 1014 ὅτι
912 950 1053 1029 (ὡς)
1121 950 1545 1032 subsequitur,
1613 956 1810 1034 ponat
1877 949 1939 1014 in
2007 969 2267 1014 numero
2334 948 2668 1014 verborum

327 1058 605 1124 affectus
627 1060 698 1138 ³).
749 1095 835 1103 —-
885 1057 1023 1135 Quo
1073 1059 1276 1141 magis
1341 1077 1444 1123 res
1510 1056 1781 1140 eluceat,
1850 1056 2162 1122 admoneo
2228 1077 2343 1123 vos
2408 1056 2488 1121 dc
2556 1076 2668 1120 usu

329 1167 507 1233 vocis
554 1165 829 1230 Latinae
877 1164 1242 1231 accusandi.
1339 1165 1411 1228 In
1460 1165 1780 1230 sententia
1826 1166 1908 1230 ab
1957 1156 2077 1230 hoc
2119 1165 2317 1231 verbo
2351 1164 2672 1249 pendente

332 1272 652 1338 invenitur
701 1274 1067 1338 coniunctio
1122 1270 1411 1358 „quod“3
1461 1273 1804 1356 scriptores
1837 1273 2221 1356 posteriores
2269 1271 2520 1337 demum
2568 1292 2672 1336 ac·-

334 1378 690 1445 cusativum
740 1399 882 1456 cum
931 1379 1243 1444 infinitivo
1291 1386 1435 1464 post
1483 1379 1606 1444 hoc
1655 1380 1913 1444 verbum
1966 1378 2087 1444 sibi
2136 1379 2556 1463 permiserunt
2592 1416 2672 1424 —

332 1492 401 1550 ut
449 1486 734 1550 Tacitus.
831 1485 1210 1551 Coniunctio
1265 1485 1512 1570 „quod“
1567 1492 1778 1550 autem
1828 1493 1971 1571 post
2019 1484 2280 1550 'verbum
2328 1484 2672 1552 accusandi

331 1593 539 1657 locum
571 1613 696 1657 non
730 1591 1016 1674 haberet,
1065 1593 1117 1657 si
1167 1613 1472 1658 accusare
1521 1594 1780 1658 verbum
1832 1592 2089 1658 dicendi
2147 1599 2336 1659 esset.
2430 1592 2676 1658 Eodem

334 1698 523 1764 modo
569 1684 641 1763 se
689 1699 927 1775 habent
979 1699 1137 1765 haec
1185 1701 1413 1765 verba:
1463 1698 1750 1782 laudare,
1800 1699 2133 1783 gratulari,
2181 1699 2427 1783 gratias
2460 1720 2676 1784 agere,

335 1807 722 1891 vituperare,
789 1807 1279 1892 reprehendere,
1349 1810 1526 1889 queri
1594 1808 1849 1891 aliaque
1914 1808 2167 1874 similia.
2264 1808 2423 1872 Sunt
2480 1808 2676 1872 verba

336 1913 639 1997 affectus,
710 1914 802 1979 ita
850 1920 1063 1979 tamen
1115 1922 1507 2000 comparata,
1577 1923 1671 2001 ut.
1706 1917 1784 1980 iis
1845 1916 2018 1980 notio
2074 1914 2333 1980 dicendi
2389 1916 2676 1980 admirari

338 2019 511 2099 sit4).
605 2021 840 2104 Verba,
891 2041 1054 2104 quae
1103 2021 1293 2087 modo
1342 2024 1727 2099 enumeravi,
1779 2023 2002 2087 mirum
2037 2022 2100 2087 in
2134 2021 2389 2103 modum
2422 2044 2676 2088 arvus-n-

338 2128 538 2193 tivum
588 2147 727 2193 cum
789 2128 1100 2193 infinitivo
1160 2135 1302 2213 post
1358 2149 1427 2194 se
1483 2150 1609 2194 non
1658 2129 2035 2212 admittunt,
2097 2131 2333 2214 quippe
2382 2132 2488 2211 qui
2540 2140 2680 2216 pust

339 2235 536 2299 verba
578 2255 815 2300 merum
849 2236 1157 2301 affectum
1182 2236 1625 2323 ‘significantia
1658 2245 1970 2302 occurrat.
2064 2236 2252 2302 Adde
2295 2236 2448 2302 XIV
2484 2240 2568 2301 ΒΞ)
2607 2268 2672 2288 z

341 2329 531 2406 XVII
588 2344 732 2407 173.
803 2346 933 2408 νῦν-
985 2345 1054 2407 δέ
1102 2359 1218 2408 σευ
1276 2343 1627 2423 ὠνοσάμην
1674 2345 1884 2422 πάγχυ
1937 2346 2205 2425 φρένας,
2254 2344 2397 2409 οἷον
2452 2345 2680 2421 ἔειπες.

342 2449 500 2515 XIV
547 2449 700 2515 406.
747 2452 1009 2529 χώσατο
1059 2449 1113 2515 δ’
1164 2449 1433 2535 Ἕκτωρ,
1485 2490 1568 2499 -—
1618 2453 1751 2517 ὅττι
1800 2453 1880 2531 ῥά
1929 2454 1989 2517 οἱ
2024 2455 2209 2533 βέλος
2244 2446 2373 2517 ὠκὺ
2408 2453 2680 2517 ἐτώσιον

341 2558 576 2636 ἔκφυγε
624 2559 853 2636 χειρός.
948 2559 1069 2623 XV
1108 2560 1250 2623 155.
1303 2559 1455 2623 οὐδέ
1506 2567 1723 2639 σφωιν
1756 2560 1911 2623 ἰδών
1944 2561 2317 2639 ἐχολώσατο
2365 2566 2564 2645 θυμῷ,
2596 2597 2684 2609 --

344 2663 476 2728 ὅττι
510 2665 570 2728 οἱ
601 2663 710 2728 ὦκ’
761 2666 1024 2730 ἐπέεσσι
1058 2668 1252 2745 φίλης
1286 2667 1552 2746 ἀλόχοιο
1584 2669 1918 2744 πιθέσθην.
2012 2667 2170 2731 XVI
2201 2668 2352 2733 530.
2406 2669 2684 2745 Γλαῦκος

345 2768 400 2834 δ’
470 2771 636 2848 ἔγνω
703 2773 852 2855 ᾗσιν
919 2774 1011 2838 ἑνὶ
1078 2776 1281 2852 φρεσὶ·
1341 2776 1625 2852 γήθησέν
1673 2796 1761 2856 τε,
1812 2811 1875 2820 -
1944 2774 2077 2839 ὅττι
2145 2776 2204 2839 οί
2269 2772 2378 2839 ὦκ’
2448 2777 2684 2853 ἤκουσε

345 2878 540 2957 μ’ἑγας
589 2881 736 2958 Θεὸς
785 2879 1174 2958 εὐξαμένοιο.
1271 2880 1604 2946 Sententia
1652 2882 1785 2945 ὅττι
1814 2932 1827 2947 .
1860 2932 1871 2945 .
1903 2925 1916 2945 .
1951 2882 2189 2960 ἤκουσε
2218 2931 2231 2945 .
2260 2933 2311 2946 ..
2347 2885 2544 2947 artius
2600 2881 2684 2945 ad

345 2986 626 3064 γήθησεν
674 2988 1035 3071 applicatur
1083 3008 1271 3071 quam
1321 2989 1405 3053 ad
1454 2989 1639 3066 ἔγνω,
1707 3009 1903 3071 quare
1962 2990 2082 3055 hoc
2141 2989 2500 3075 exemplum
2564 2989 2684 3053 huc

346 3091 748 3157 afferendum
797 3101 955 3158 erat.
1049 3094 1274 3158 XVIII
1320 3096 1468 3160 247.
1521 3096 1767 3173 πάντας
1828 3096 1949 3175 γὰρ
1997 3096 2100 3175 ἔχε
2156 3098 2412 3184 τρόμος,
2476 3093 2684 3161 οὕνεκ’

345 3200 669 3278 Ἀχιλλεὺς
736 3237 822 3246 -—
888 3201 1183 3280 ἐξεφάνη.
1298 3202 1427 3266 ΧΧ
1493 3203 1601 3269 42.
1668 3202 1907 3281 Ἀχαιοὶ
1972 3205 2086 3283 μὲν
2152 3201 2284 3282 μέγ’
2354 3205 2688 3285 cautinum,

348 3305 556 3396 οὕνεκ’
614 3309 936 3387 Ἀχιλλεὺς
986 3346 1070 3354 —-
1120 3310 1414 3390 ἐξεφάνη.
1509 3310 1784 3375 Verbum
1844 3312 2179 3388 κυδαίνειν,
2236 3310 2407 3393 quod
2468 3313 2688 3393 sciam,

347 3413 471 3478 hoc
536 3434 661 3479 uno
725 3414 866 3479 loco
933 3417 1062 3480 vim
1128 3418 1596 3482 intransitivam
1648 3418 1868 3498 habet3
1936 3418 2108 3483 valet
2155 3424 2369 3483 autem
2424 3418 2528 3481 hic
2580 3441 2692 3505 „se

350 3519 651 3597 efferre“‚
703 3529 798 3586 est
844 3523 1040 3606 igitur
1073 3525 1335 3588 verbum
1383 3524 1694 3590 affectum
1728 3526 2105 3610 exprimens.
2198 3526 2464 3590 Versum
2500 3525 2688 3589 modo

349 3625 678 3692 laudatum
727 3629 818 3693 sic
880 3638 1085 3695 verto:
1164 3630 1436 3716 „Achivi
1501 3652 1890 3715 magnopere
1955 3652 2023 3696 se
2091 3632 2448 3698 efferebant
2516 3633 2584 3713 [i.
2636 3653 2688 3697 e.

350 3734 708 3817 gaudentes
753 3736 1239 3819 gloriabantur),
1308 3737 1478 3819 quod
1526 3737 1811 3803 Achilles
1867 3740 1932 3801 in
1990 3745 2400 3822 conspectum
2460 3761 2528 3801 se
2584 3737 2692 3801 de—

353 3840 603 3905 derat“.
652 3880 739 3887 —
787 3843 951 3910 Aliis
997 3844 1157 3909 locis
1203 3842 1524 3910 κυδαίνειν
1589 3845 1910 3929 significat
1981 3844 2290 3931 „effe1·re“
2362 3845 2692 3925 (erhchcnji

356 3949 452 4013 vel
524 3948 977 4035 „laetificare“.
1071 3950 1168 4016 Of.
1235 3951 1310 4017 Il.
1358 3953 1422 4016 X
1470 3953 1574 4017 69.
1640 3954 1888 4030 πάντας
1954 3954 2272 4018 κυδαίνων
2340 3957 2439 4031 (=
2476 3973 2692 4017 nume-s

567 4136 622 4201 1)
661 4134 811 4190 Vide
849 4152 989 4207 pag.
1032 4138 1114 4204 14,
1153 4139 1292 4192 adn.
1331 4139 1381 4192 2.

568 4225 623 4292 2)
663 4223 751 4280 Of.
791 4224 891 4280 G&
910 4229 1068 4293 cke,
1108 4228 1226 4282 Zur
1253 4227 1487 4283 Constr.
1517 4229 1569 4282 d.
1600 4228 1799 4283 Verba
1826 4229 1940 4282 dic.
1969 4233 2026 4282 et
2054 4233 2201 4282 sent.
2235 4229 2333 4282 bei
2361 4227 2532 4281 Hom.
2560 4245 2612 4297 p.
2640 4229 2692 4281 3.

567 4315 622 4380 3)
663 4314 747 4369 Of.
787 4315 1041 4383 Kuhn„
1079 4316 1280 4371 Gram.
1321 4333 1479 4372 max.
1518 4322 1548 4382 ξ
1585 4318 1708 4385 473,
1740 4318 1768 4369 1
1810 4321 1871 4371 et
1909 4322 1938 4380 ἓ
1976 4318 2097 4385 550,
2127 4315 2195 4384 A,
2226 4318 2273 4369 1.

567 4404 623 4472 4)
660 4405 732 4460 H.
772 4406 826 4460 J.
866 4407 1122 4460 Miiller
1161 4406 1313 4475 (Lat.
1355 4406 1629 4477 Schulgr.
1668 4412 1698 4470 ἓ
1737 4407 1913 4475 221b>
1961 4408 2153 4476 igitur
2190 4407 2492 4475 aptissimo.
2544 4409 2692 4461 haec

357 4493 550 4568 verba
588 4496 852 4567 appellat
895 4495 1126 4565 „Verba
1167 4497 1273 4551 der
1311 4482 1671 4568 Russerung
1710 4496 1816 4550 der
1853 4493 2151 4549 Affekte“.
