3184 4900
565 320 842 393 Ἰ414..

164 513 336 598 scriptorcs
366 513 504 578 omnium
533 518 709 596 temporum
745 511 935 595 particulam
966 512 1228 596 interrogativum
1259 506 1352 577 esse'.⁴

166 621 333 686 Accedunt
350 621 412 684 duo
430 619 591 704 exempla:
618 619 716 682 XXII
734 619 786 683 96.
812 619 964 698 περὶγὰρ
989 621 1043 695 hic,
1067 621 1108 698 μή
1133 640 1180 698 τις
1203 621 1339 699 Ἀχαιῶν

165 748 208 773 ’-
231 727 325 806 ἔγχος
350 725 564 804 ἀνελκόμενον
589 727 793 803 δολιχόσκιον
816 728 836 813 ἢ
860 725 986 819 ἐλάσειε
1009 763 1053 772 -
1069 727 1230 811 φασγάνῳ
1249 726 1338 805 ἀίξας

164 836 200 913 ἠὲ
211 835 399 912 προπρηνέα
409 833 516 911 τύψαι.
545 833 661 899 XXIII
682 833 755 897 215.
777 832 837 905 αἰεὶ
857 833 918 911 γάρ
934 854 986 912 μοι
1003 835 1103 912 θυμὸς
1121 835 1167 898 ἐνὶ
1184 835 1339 912 στήθεσσι

164 942 308 1020 φίλοισιν
332 977 374 987 -
400 941 525 1021 ἐρρίγει,
551 941 591 1018 μή
616 940 663 1018 τίς
688 961 725 1018 με
751 944 875 1019 βροτῶν
900 939 1049 1021 ἑπάφοιτ’
1074 942 1234 1005 ἐπέεσσιν.

215 1052 218 1057 “
271 1049 302 1112 6.
349 1047 463 1113 Restat
486 1049 519 1111 in
544 1047 603 1111 hac
630 1047 829 1129 quaestionis
853 1056 955 1132 parte,
981 1056 1015 1113 ut
1039 1049 1080 1114 ad
1106 1049 1339 1114 enuntiationes

165 1175 205 1219 ex
241 1155 346 1220 verbis
382 1154 520 1221 affectus
555 1154 731 1239 pendentes
771 1156 910 1219 animum
953 1165 1186 1222 convertamus.
1218 1212 1220 1215 .
1250 1157 1338 1220 Haec

164 1262 264 1327 verba
287 1261 373 1346 apud
398 1263 570 1326 Homerum
595 1263 691 1342 (sicut
713 1261 799 1346 apud
816 1282 925 1329 omnes
941 1263 1113 1347 scriptores
1130 1263 1339 1341 Graecorum)

164 1388 320 1454 persaepe
344 1368 546 1453 participium
570 1389 677 1434 secum
697 1369 825 1434 habent.
873 1369 1088 1435 Nihilominus
1103 1371 1194 1434 multi
1211 1391 1337 1452 quoque

164 1477 227 1542 loci
251 1478 283 1540 in
308 1477 502 1541 carminibus
535 1475 603 1541 eius
636 1477 850 1558 inveniuntur,
888 1477 941 1540 nbi
975 1478 1154 1543 sententiae
1183 1499 1202 1541 a
1233 1478 1339 1542 verbis

165 1582 321 1649 eiusmodi
354 1590 451 1667 aptae
484 1604 503 1648 a
536 1572 813 1648 coniunctionibus
847 1583 895 1647 ότι
929 1583 1034 1665 (ὅττι),
1068 1584 1123 1666 ὡς,
1154 1584 1184 1667 ό,
1211 1584 1338 1666 οὕνεκα,

165 1690 247 1770 όσος
272 1692 323 1771 (=
341 1690 388 1754 ότι
413 1691 538 1773 τόσος),
571 1690 641 1775 οἷος
667 1694 718 1770 (=
736 1690 784 1754 ότι
809 1694 911 1769 τοῖος)
940 1691 1105 1775 incipiunt.
1153 1691 1337 1757 Sententiae

166 1799 233 1863 elus
249 1797 376 1882 generis
392 1797 544 1862 finitimae
560 1805 633 1862 sunt
649 1799 817 1862 sententiis
834 1798 1025 1863 causalibus.
1073 1797 1107 1862 Si
1129 1800 1161 1862 in
1179 1801 1338 1864 sententia
1373 1810 1376 1814 ’

165 1905 318 1991 primaria
351 1906 480 1970 verbum
511 1906 663 1988 temporis
690 1906 870 1988 praesentis
898 1906 949 1969 vel
982 1905 1081 1969 futuri
1111 1906 1247 1990 positum
1280 1915 1338 1986 est,

165 2014 369 2095 subsequitur
393 2013 424 2076 iu
449 2013 607 2077 sententia
631 2012 792 2096 pendente
809 2011 1003 2077 indicativus
1019 2013 1070 2077 vel
1086 2014 1249 2097 optativus
1267 2034 1337 2078 cum

166 2120 207 2184 ἂν
231 2119 432 2198 coniunctus3
468 2119 517 2183 siu
546 2126 652 2183 autem
682 2120 715 2182 in
738 2121 897 2183 sententia
920 2121 1072 2203 primaria
1100 2127 1225 2204 tempus
1248 2140 1338 2204 prae·

166 2228 295 2291 teritum
318 2220 502 2309 usurpatum
528 2232 586 2308 est,
610 2227 781 2310 scriptores
806 2225 934 2308 Graeci,
964 2228 991 2291 si
1015 2246 1144 2292 causam
1169 2247 1209 2291 ex
1232 2233 1338 2299 mente

166 2335 251 2414 eius,v
270 2334 323 2415 qui
347 2333 495 2415 loquitur,
519 2332 642 2396 'afferri
666 2333 786 2414 volunt,
822 2333 854 2396 in
883 2335 1041 2399 sententia
1069 2334 1239 2417 primariae
1266 2328 1337 2398 subss

167 2441 251 2507 lecta
281 2440 383 2505 forma
411 2438 578 2506 indicativi
610 2440 829 2525 vel'optativo
855 2461 924 2505 cum
950 2440 990 2505 ἂν
1015 2446 1154 2506 utuntur.
1201 2440 1236 2507 Si
1261 2462 1337 2506 vero

166 2568 295 2614 causam
329 2568 369 2612 ex
402 2548 532 2612 alterius
566 2540 730 2613 cuiusdam
764 2548 960 2631 cogitatione
992 2548 1104 2612 afferri
1129 2549 1249 2637 volunt,
1280 2570 1338 2633 pro

127 2677 130 2682 ’
165 2655 341 2720 indicativo
375 2647 553 2738 optativum
589 2655 751 2737 obliquum
786 2655 1011 2738 substituunt„
1041 2637 1195 2719 Homerus
1229 2661 1334 2719 tamen

166 2763 311 2828 omnibus
346 2762 434 2843 locis,
472 2763 525 2843 qui
560 2761 622 2826 huc
654 2763 836 2846 pertineant
860 2799 902 2806 —
931 2781 1061 2825 numero
1096 2772 1170 2828 sunt
1205 2762 1337 2845 triginta

166 2890 246 2935 unus
262 2906 305 2915 -
321 2869 531 2933 indicativum
548 2871 724 2953 usurpavit.
772 2868 823 2933 ef.
842 2869 879 2933 Il.
897 2869 1020 2932 11320.
1044 2869 1134 2947 ἡμεῖς
1153 2870 1337 2947 ,δ’ἐσταότες
1430 2863 1433 2866 ’

167 2977 374 3055 θαυμάζομεν,
398 2975 469 3040 οἷον
493 2976 619 3054 ἐτύχθη.
654 2976 796 3054 Latine:
826 2996 902 3054 „nos
926 2982 1033 3040 autem
1057 2975 1223 3044 adstantes
1247 2979 1339 3040 mira-

166 3084 277 3158 bamur
302 3083 382 3163 (scil.
411 3080 617 3167 „cernentes“
653 3084 721 3148 sive
746 3081 973 3168 „perterriti“)‚
1004 3083 1092 3164 quod
1118 3084 1183 3147 tale
1216 3083 1338 3147 tactum

167 3188 267 3255 erat“.
316 3188 493 3268 Θαυμάῑειν
527 3191 630 3273 ipsum
662 3209 719 3274 per
748 3209 783 3255 se
815 3191 944 3254 verbum
968 3189 1109 3254 affectus
1133 3196 1190 3254 est.
1239 3191 1338 3254 Arist-

166 3296 282 3362 archus
305 3297 401 3380 igitur
425 3318 487 3361 non
511 3296 606 3381 plane
630 3303 718 3361 recte
743 3287 870 3376 dccct1)
895 3297 1067 3375 θαυμάζειν
1091 3296 1239 3363 hocloco
1262 3318 1338 3361 non·

166 3404 324 3486 nullisque
348 3404 419 3469 aliis
444 3404 522 3469 locis
547 3404 653 3469 valere
677 3406 819 3479 bedebur,
855 3424 925 3468 cum
951 3404 1141 3469 scholiastes
1168 3404 1339 3482 θαυμάζειν

167 3510 220 3575 hic
243 3510 424 3593 significare
448 3511 678 3589 ἐκπλήττεσθαι
702 3512 874 3576 existimet.
923 3511 986 3576 Res
1011 3512 1087 3574 milri
1104 3512 1150 3575 ita
1171 3531 1205 3576 se
1222 3512 1339 3575 habere
1444 3549 1449 3552 -

168 3617 302 3699 videtur,
318 3624 363 3681 ·ut
386 3618 483 3683 verbo
507 3618 677 3697 despoliem
702 3619 837 3699 (mirari)
863 3618 923 3682 boc
950 3619 1021 3683 loco
1051 3619 1100 3682 ris
1124 3617 1278 3684 'cernendi
1307 3626 1339 3682 et

167 3726 254 3790 notio
279 3726 406 3789 terrorIs
430 3724 575 3789 admixta
590 3725 642 3791 sit.
691 3725 735 3789 VI
755 3725 826 3789 166.
852 3726 909 3789 τὸν
926 3727 961 3789 δὲ
977 3725 1098 3789 ἄνακτα
1114 3727 1211 3804 χόλος
1231 3726 1337 3807 λάβεν,

168 3830 238 3895 οἷον
272 3830 421 3895 ἄκουσεν.
474 3832 521 3895 ΙΧ
556 3833 632 3896 533.
667 3834 718 3896 καὶ
752 3832 813 3910 γὰρ
852 3838 936 3896 τοῖσι
976 3834 1073 3897 κακόν
1117 3834 1338 3912 χρυσόθρονος
1367 3906 1370 3912 ,

167 3938 312 4019 Ἄρτεμις
337 3938 444 4017 ὦρσεν
467 3942 715 4021 -χωσαμένη,
740 3940 758 4003 ό
783 3941 813 4004 οἱ
837 3941 875 4003 οὔ
900 3962 928 4004 τι
945 3942 1083 4005 θαλύσια
1099 3947 1207 4025 γουνῷ
1231 3940 1339 4019 ἀλωῆς

168 4083 211 4092 -
235 4047 347 4124 Οἰνεὺς
372 4045 445 4125 ἔρξ’.
493 4047 541 4110 Xl
560 4047 611 4112 λθ.
635 4047 754 4126 πάντες
779 4049 808 4111 h’
831 4048 1013 4132 quamam)
1042 4049 1233 4127 κελαινεφέα
1265 4049 1337 4126 Κρο-

167 4229 168 4234 ’
276 4227 303 4291 1)
323 4225 366 4280 et.
386 4226 510 4285 Lehrs,
531 4226 576 4280 De
596 4224 760 4281 Aristarchi
780 4228 889 4282 studiis
908 4229 1075 4283 Homericis
1095 4245 1121 4298 p.
1144 4228 1219 4288 149„

275 4314 303 4381 2)
323 4314 385 4368 Hos
405 4330 512 4368 versus
532 4320 562 4369 et
581 4321 724 4384 quattuor
742 4318 896 4385 proximos
912 4318 1083 4372 Zenodotus
1103 4319 1254 4383 omiserat,
1273 4332 1338 4386 spu·

168 4405 229 4458 rios
248 4404 462 4458 iudicaverunt
480 4403 699 4474 Aristophanes
719 4412 748 4459 ct
767 4404 969 4461 Aristarchus.
990 4409 1100 4461 —Pro
1124 4408 1258 4476 ᾐτιόοντο
1286 4407 1340 4471 (sie

169 4493 280 4562 Oauer)
299 4493 415 4548 codices
435 4495 549 4548 habent
567 4496 714 4564 ᾐτιόωντο.
