3184 4900
782 291 939 344 -7-

275 477 331 535 est.
380 471 493 551 ltaque
518 470 588 536 fieri
617 477 755 554 poterat,
787 476 823 535 ut
854 491 893 536 ex
928 471 1073 554 perfecto
1106 471 1268 555 optativus
1300 472 1447 554 obliquus

274 577 428 662 penderet
440 581 471 654 ¹).
520 576 586 643 Sed
603 597 733 662 perraro
751 577 803 642 hie
821 579 984 663 optativus
1001 578 1148 660 obliquus
1160 579 1336 660 invenitur3
1361 577 1447 662 apud

275 685 446 750 Homerum
481 685 599 749 nullum
635 686 814 769 exemplum
849 684 942 751 buius
976 706 1052 751 usus
1086 692 1203 751 exstat.
1258 686 1447 768 Plerumque

274 792 384 873 utique
408 792 586 876 perfectum
616 793 646 856 vi
677 794 829 876 temporis
860 794 1037 878 praesentis
1061 794 1091 856 in
1116 793 1225 875 lingua
1253 793 1380 858 Graeca
1403 793 1447 857 in·

274 904 427 963 structum
452 905 511 964 est.
558 899 733 964 Rarissime
763 901 859 964 etiam
888 919 929 964 ex
958 900 1055 966 verbo
1086 900 1237 983 temporis
1269 900 1447 984 praesentis

275 1005 325 1070 vel
349 1005 445 1070 futuri
470 1007 632 1090 optativus
655 1007 803 1089 obliquus
828 1007 955 1092 pendet.
1005 1006 1097 1085 erod
1133 1007 1206 1072 fieri
1239 1027 1300 1071 non
1330 1014 1446 1091 potest,

220 1149 225 1154 ·
274 1112 334 1176 nisi
358 1118 484 1196 tempus
507 1133 659 1196 praesens
682 1114 734 1177 vel
758 1113 898 1178 futurum
923 1114 986 1178 vim
1011 1115 1164 1197 temporis
1180 1114 1347 1197 praeteriti
1364 1134 1446 1179 com·

274 1219 435 1304 plectitur.
482 1218 639 1303 Exempla
663 1220 818 1284 eiusmodi
844 1220 975 1285 Ktihner
1005 1221 1126 1300 (Grani.
1157 1241 1241 1285 max.
1270 1224 1290 1301 ξ
1313 1222 1389 1302 551,
1414 1222 1447 1300 2)

275 1324 426 1390 nonnulla
449 1326 568 1413 attulit.
616 1327 686 1391 Hoc
710 1326 838 1392 dicendi
864 1346 965 1411 genus
988 1328 1145 1393 Homerus
1168 1347 1231 1392 non
1257 1328 1356 1393 novit.

786 1630 887 1693 Pars
912 1630 936 1692 l.

308 1768 359 1835 De
382 1770 574 1836 sententiis
598 1769 760 1851 obliquis
784 1769 929 1836 aliunde
954 1744 1189 1852 pendentibus
1213 1770 1414 1852 primariis.

381 1968 418 2031 ln
442 1968 585 2032 oratione
610 1968 739 2050 obliqua
762 1987 821 2032 eae
844 1967 1023 2032 sententiae
1046 1974 1119 2033 sunt
1142 1967 1324 2050 primariae,
1353 1984 1446 2048 quae,

275 2075 301 2139 si
326 2075 469 2139 oratione
492 2081 581 2139 recta
605 2095 777 2159 expressae
802 2081 917 2155 essent,
941 2073 1119 2140 sententiae
1136 2074 1306 2159 primariae
1329 2077 1446 2138 essent.

275 2181 356 2246 Sunt
386 2186 492 2247 autem
522 2183 590 2247 sive
620 2182 855 2247 enuntiationes
884 2183 1145 2264 (Aussagesiitze)
1177 2181 1244 2246 sive
1271 2180 1448 2262 interroga·

276 2289 379 2369 tiones
412 2288 644 2370 (Fragesdtze).
691 2289 733 2353 Et
769 2287 1040 2353 enuntiationibus
1075 2294 1107 2353 et
1142 2286 1446 2372 interrogationibus

274 2394 337 2459 duo
361 2387 480 2478 genera
503 2395 648 2463 subiecta
671 2404 758 2462 suut:
785 2395 1020 2462 affirmationes
1037 2396 1271 2477 (Urteilssatue)
1289 2400 1322 2463 et
1338 2399 1443 2479 postu·

273 2501 411 2569 lationes
436 2504 773 2589 (Begebrungsstitue).

821 2691 897 2769 §L

539 2798 595 2861 De
619 2796 965 2862 enuntiationibus
993 2796 1177 2878 obliquis.

380 2924 625 2991 Enuntiationes
641 2910 790 3007 obliquae
807 2924 949 3010 pendent
965 2944 1005 2989 ex
1020 2924 1125 2990 verbis
1141 2922 1281 3007 dicendi,
1298 2922 1444 3008 putandi,

273 3032 442 3114 sentiendi,
467 3033 610 3115 curandi,
634 3031 778 3115 timendi,
804 3032 953 3097 affectus.

383 3144 411 3204 1.
459 3140 595 3204 Dicendi
624 3140 730 3205 verbis
760 3139 948 3224 saepissime
979 3141 1012 3204 in
1042 3140 1235 3205 carminibus
1268 3138 1446 3205 Homericis

274 3247 370 3325 (sicut
386 3245 470 3331 apud
485 3254 609 3313 ceteros
625 3248 797 3333 scriptores
810 3247 1018 3325 Graecorum)
1035 3246 1216 3312 infinitivus
1231 3247 1299 3311 sive
1315 3265 1445 3312 accusa·

274 3354 358 3419 tivus
383 3373 454 3419 cum
478 3353 639 3421 infinitivo
663 3361 757 3438 aptus
785 3361 844 3420 est.
892 3354 1129 3419 Postulationes
1159 3373 1200 3417 ex
1227 3353 1334 3418 verbis
1365 3354 1446 3418 eius·

273 3459 359 3524 modi
384 3459 559 3544 pendentes
591 3462 678 3525 nulla
711 3461 776 3526 alia
810 3460 938 3526 dicendi
971 3461 1074 3525 forma
1104 3459 1332 3545 exprimendae
1362 3466 1444 3543 sunt,

273 3588 344 3632 cum
375 3566 611 3633 affirmationes
641 3587 681 3632 ex
711 3568 818 3633 verbis
846 3567 976 3633 dicendi
1004 3572 1100 3651 aptae
1128 3574 1295 3651 praeterea
1323 3587 1343 3630 a
1373 3586 1446 3632 con-

273 3675 486 3739 iunctionibus
510 3673 650 3739 exordiri
668 3674 800 3759 possint.
848 3674 1094 3740 Coniunctiones
1111 3680 1228 3755 autem,
1254 3674 1368 3755 quibus
1384 3673 1445 3739 hae

273 3781 450 3846 sententiae
482 3782 641 3865 primariis
674 3782 715 3847 ab
751 3783 888 3846 Homero
924 3787 1164 3860 connectuntur,
1197 3787 1271 3845 sunt
1304 3781 1359 3859 ὡς,
1395 3779 1445 3845 ὅτι

273 3887 376 3968 (ὅττι),
410 3886 440 3970 ὅ,
472 3886 635 3969 οὕνεκα’).
681 3888 718 3952 In
755 3888 947 3953 carminibus
972 3888 1150 3953 Homericis
1182 3887 1284 3952 multa
1316 3885 1445 3970 quidem

381 4074 408 4138 1)
428 4072 554 4141 Kirna,
574 4070 625 4126 Gr.
645 4087 724 4125 max.
745 4076 760 4136 ξ
779 4072 840 4139 551,
854 4071 878 4125 2.
919 4070 998 4139 „Das
1017 4071 1140 4125 Perfekt
1161 4070 1312 4141 vereinigt
1331 4072 1362 4123 in
1382 4070 1445 4125 sich

275 4162 334 4217 den
354 4161 471 4232 Begrifi
490 4161 544 4216 der
562 4161 809 4231 Vergungenheit
828 4162 891 4215 und
914 4160 968 4214 der
985 4159 1194 4230 Gegenwa1·t.“

380 4251 408 4318 2)
423 4251 473 4315 Ὠς
489 4254 535 4305 est
553 4251 732 4305 adverbium
746 4250 917 4315 relativum,
936 4251 981 4303 ὅτι
994 4254 1039 4304 est
1052 4250 1245 4303 accusativus
1259 4249 1445 4318 pronominis

273 4340 393 4395 relativi
405 4340 557 4408 generalis
570 4339 667 4408 (ὅστις,
678 4342 748 4408 ἥτις,
761 4341 825 4406 ὅτι),
838 4340 870 4394 in
883 4339 944 4393 ὅττι
958 4353 1128 4414 consonans
1142 4354 1159 4391 τ
1172 4337 1331 4407 dupliciter
1345 4339 1445 4407 posita

274 4434 328 4498 est,
347 4431 363 4482 d
383 4435 428 4483 est
447 4430 643 4486 accusativus
663 4430 849 4499 pronominis
868 4429 995 4496 relativi,
1015 4428 1206 4483 odveva=0u
1226 4428 1315 4483 ἕνεκα.
