3184 4900
1533 396 1887 449 ..27-

535 580 750 655 μήριζε
799 578 1033 657 μένων,
1069 627 1080 638 .
1117 628 1128 639 .
1167 625 1179 639 .
1214 613 1302 620 -
1348 577 1386 652 ἢ
1446 575 1483 639 ὅ
1541 597 1612 650 γε
1674 577 1910 654 δίφρον
1937 574 2153 653 κὲλών,
2224 573 2330 653 ὅθι,
2374 575 2631 638 ποικίλα
2678 572 2880 652 τεύχε’

531 684 756 756 ἔκειτο,
808 719 896 727 ——-
945 683 1147 761 ῥυμοῦ
1196 681 1440 760 ἐξερύοι
1488 683 1526 759 ἢ
1576 682 1839 761 ἐκφέροι
1886 680 2085 758 ὑψόσ’
2137 679 2375 759 ἀείρας,
2413 716 2496 725 ——-
2529 682 2567 758 ἢ
2618 681 2707 744 ἔτι
2748 684 2880 744 ’τών

533 790 831 854 πλεόνων
880 791 1149 872 Θρῃκῶν
1207 788 1337 852 ἀπὸ
1386 790 1589 867 θυμὸν
1638 789 1865 851 ἕλοιτο.
1958 787 2124 850 XIII
2171 786 2301 851 455
2336 806 2473 868 sqq.
2542 788 2880 866 Δηίφοβος

535 899 615 962 δὲ’
675 897 968 975 διάνδιχα
1037 897 1434 975 μερμήριξεν,
1497 931 1582 940 ——-
1638 895 1676 972 ἤ
1743 896 1887 958 τινά
1956 913 2081 957 που
2156 894 2399 971 Τρώων
2471 894 2880 971 ἑταρίσσαιτο

533 1004 913 1081 μεγαθύμων
961 1039 1047 1048 -
1096 1003 1188 1080 ἂψ
1256 1001 1708 1083 ἀναχωρήσας,
1776 1003 1814 1078 ἢ
1882 1002 2256 1078 πειρήσαιτο
2315 1002 2416 1065 καὶ
2473 999 2630 1078 οἶος.
2727 1001 2814 1064 Χ]
2832 1000 2880 1060 Ψ

534 1111 620 1173 20
641 1129 780 1191 sqq.
831 1110 919 1186 ὣς
971 1109 1007 1172 ὁ
1056 1110 1264 1186 γέρων
1314 1109 1591 1187 ὥρμαινε
1641 1109 2016 1185 δαϊζόμενος
2065 1108 2222 1170 κατὰ
2257 1109 2459 1184 θυμὸν
2492 1143 2577 1152 --
2613 1102 2880 1186 διχθάδι’

495 1219 571 1302 ,ἢ
622 1223 754 1294 μεθ’
826 1216 1053 1294 ὅμιλον
1119 1216 1205 1279 ἴοι
1273 1218 1558 1280 Δαναῶν
1621 1214 2043 1295 ταχυπώλων,
2093 1251 2179 1259 ——-
2228 1215 2299 1291 ἠέ
2357 1215 2496 1292 μετ’·
2559 1215 2884 1292 Ἀτρεΐδην

538 1325 975 1401 Ἀγαμέμνονα
1035 1324 1305 1400 ποιμένα
1368 1326 1562 1386 λαῶν.
1660 1321 1816 1387 XVI
1865 1321 1994 1384 646
2021 1341 2159 1403 sqq.
2217 1321 2502 1400 φράζετο
2562 1327 2738 1403 θυμῷ
2808 1360 2840 1364 -

535 1431 746 1493 πολλὰ
795 1427 938 1507 μάλ’
998 1429 1161 1508 ἀμφὶ
1219 1431 1405 1511 φόνῳ
1467 1428 1850 1507 Πατρόκλου
1911 1416 2329 1508 μερμηρίζων,
2381 1464 2464 1473 ——-
2514 1429 2551 1504 ἢ
2603 1429 2722 1505 ἤδη
2784 1432 2880 1491 νηὶ

535 1541 748 1601 κεῖνον
814 1537 908 1599 ἐνὶ
973 1541 1244 1618 κρατερῇ
1313 1535 1543 1618 ὑσμίνῃ
1595 1572 1678 1580 —
1739 1535 1938 1598 αὐτοῦ
2006 1533 2104 1597 ἐπ’
2174 1534 2444 1616 ἀντιθέῳ
2514 1536 2876 1613 Σαρπηδόνι

531 1643 838 1721 φαίδιμος
887 1641 1135 1719 Ἕκτωρ
1186 1679 1271 1686 -
1319 1647 1534 1725 χαλκῷ
1584 1643 1824 1724 δῃώσῃ,
1874 1641 2003 1704 ἀπό
2051 1638 2105 1704 τ’
2146 1640 2345 1719 ὤμων
2389 1639 2592 1719 τεύχε’
2645 1642 2877 1718 ἕληται-

535 1785 622 1794 --
667 1751 704 1825 ἢ
755 1749 846 1812 ἔτι
894 1751 993 1813 καὶ
1042 1751 1433 1813 πλεόνεσσιν
1481 1749 1819 1827 ὀφέλλειεν
1867 1749 2075 1811 πόνον
2141 1748 2354 1812 αἰπύν.
2454 1749 2721 1812 Habetis
2780 1747 2880 1812 hia·

535 1876 722 1919 unum
771 1840 1129 1939 exemplum
1167 1857 1685 1938 interrogationis
1718 1855 2163 1936 disiunctivae,
2217 1855 2322 1919 ubi
2359 1856 2421 1918 in
2456 1857 2669 1938 priore
2702 1872 2880 1939 part*²

537 1963 980 2027 eoniunetivus
1030 1963 1333 2027 orationis
1382 1970 1598 2026 rectae
1649 1969 1931 2026 retentus
1980 1973 2095 2042 est,
2149 1982 2289 2025 eum
2342 1964 2404 2025 in
2451 1963 2655 2026 altera
2702 1976 2880 2046 parto

534 2071 861 2154 optativus
909 2070 1202 2150 obliquus
1250 2071 1496 2152 positus
1543 2071 1646 2149 sit,
1708 2067 1789 2132 de
1838 2089 1962 2150 qua
2011 2089 2079 2132 re
2126 2089 2320 2152 supra
2369 2073 2458 2153 (p.
2509 2071 2620 2148 25)
2679 2089 2880 2132 serum

536 2183 691 2240 erat.
787 2175 975 2239 Adde
1026 2175 1185 2240 haee
1234 2176 1560 2259 exempla:
1612 2176 1769 2239 XVI
1805 2177 1931 2240 713
1958 2195 2097 2257 sqq.
2148 2177 2276 2241 δίζε
2310 2177 2449 2253 γάρ,
2498 2177 2570 2253 ἠὲ
2618 2175 2880 2254 μάχοιτο

536 2283 695 2346 κατὰ
743 2283 978 2346 κλόνον
1028 2283 1207 2361 αύτις
1256 2283 1564 2363 ἐλάσσας,
1616 2321 1700 2326 -
1749 2284 1792 2360 ἢ
1838 2284 2035 2359 λαούς
2086 2284 2152 2359 ἐς
2200 2287 2414 2361 τεῖχος
2467 2283 2880 2361 ὁμοκλήσειεν

540 2389 786 2467 ἀλῆναι
1554 2394 1561 2399 ’

591 2503 596 2508 ’
752 2496 870 2560 Od.
923 2498 1010 2559 IV
1060 2498 1186 2560 417
1217 2517 1352 2578 sqq.
1405 2498 1736 2575 μερμήριξε
1785 2502 1839 2559 δ’
1892 2497 2110 2561 ἔπειτα
2143 2498 2301 2560 κατὰ
2335 2498 2545 2575 φρένα
2593 2499 2694 2560 καὶ
2727 2501 2880 2561 κατά

532 2605 755 2682 θυμόν,
803 2641 889 2648 —
937 2604 1010 2682 ἠέ
1060 2624 1163 2681 μιν
1211 2605 1409 2667 αὐτὸν
1458 2606 1704 2682 πατρὸς
1762 2604 1972 2667 ἐάσειε
2036 2609 2415 2683 μνησθῆναι,
2463 2641 2547 2648 -
2595 2605 2633 2680 ἢ
2682 2609 2876 2681 πρῶτ’

534 2712 849 2789 ἐξερέοιτο
898 2711 1135 2774 ἕκαστά
1184 2733 1251 2774 τε
1298 2713 1698 2789 πειρήσαιτο.
1796 2712 1883 2774 VI
1941 2713 2053 2774 141
2088 2729 2225 2791 sqq.
2284 2712 2321 2774 ὃ
2384 2713 2452 2773 δὲ
2512 2711 2880 2788 μερμήριξεν

541 2817 921 2894 Ὀδυσσεύς,
969 2854 1058 2861 --
1118 2819 1154 2894 ἢ
1203 2818 1460 2892 γούνων
1511 2819 1805 2881 λίσσοιτο
1867 2819 2083 2895 λαβὼν
2141 2817 2426 2880 εὐώπιδα
2489 2817 2748 2897 κούρην,
2800 2853 2872 2861 μ-

537 2926 575 3001 ἢ
625 2924 1191 3001 αὔτως-,ἐπέεσσιν
1240 2924 1578 2990 ἀποσταδὰ
1628 2926 2029 3003 μειλιχίοισιν
2076 2960 2163 2968 -—
2213 2924 2507 3005 λίσσοιτ’,
2560 2924 2612 2989 εἰ
2666 2925 2884 2989 δείξειε

531 3032 726 3094 πόλιν
775 3033 875 3094 καὶ
923 3032 1149 3109 εἵματα
1206 3031 1369 3123 δοίη.
1419 3069 1498 3077 —-
1556 3031 1970 3095 Enuntiatum
2039 3031 2095 3095 εἴ
2160 3031 2379 3096 δείξειε
2415 3080 2429 3095 .
2468 3080 2530 3095 ..
2579 3032 2719 3107 δοίη
2789 3045 2884 3093 est

536 3138 858 3202 sententia
906 3137 1326 3221 hypothetica
1385 3158 1511 3201 non
1570 3138 2049 3202 condicionalis.
2099 3176 2185 3182 —
2233 3138 2555 3219 Sequitur,
2613 3144 2682 3201 ut
2729 3139 2884 3201 affe*

536 3264 671 3307 ram
720 3243 781 3307 X
829 3244 935 3307 49.
1000 3244 1202 3321 αὐτὰρ
1262 3245 1388 3319 ἐγώ
1448 3266 1519 3321 γε
1567 3282 1653 3289 -—
1702 3246 2048 3323 ἐγρόμενος
2112 3245 2271 3309 κατὰ
2328 3246 2529 3323 θυμὸν
2592 3244 2884 3324 ἀμύμονει

534 3350 902 3430 μερμήριξα,
935 3387 1023 3398 -
1055 3352 1130 3429 ἠὲ
1154 3353 1377 3415 πεσὼν
1400 3352 1468 3415 ἐκ
1501 3353 1659 3430 νηὸς
1693 3352 2067 3431 ἀποφθίμην
2101 3353 2194 3415 ἐνὶ
2226 3354 2465 3435 πόντῳ,
2491 3390 2580 3398 -
2603 3354 2641 3430 ἢ
2676 3352 2884 3417 ἀκέων

537 3458 762 3533 τλαίην
810 3460 912 3520 καὶ
956 3458 1047 3522 ἔτι
1095 3462 1320 3524 ζωοῖσι
1370 3461 1641 3538 μετείην.
1739 3460 1928 3524 XVII
1962 3461 2092 3525 235
2119 3479 2258 3541 sqq.
2310 3462 2346 3524 ὃ
2395 3462 2465 3525 δέ
2513 3463 2884 3539 μερμήριξεν

536 3561 918 3644 Ὀδυσσεύς,
969 3602 1054 3612 ——
1105 3566 1176 3642 ἠὲ
1224 3567 1517 3644 μεταΐξας
1567 3567 1833 3650 ῥοπάλῳ
1881 3568 1951 3630 ἐκ
1998 3567 2201 3644 θυμὸν
2248 3567 2480 3648 ἕλοιτο,
2518 3604 2597 3611 -
2632 3568 2669 3643 ἢ
2719 3569 2880 3644 πρὸς

540 3675 660 3746 γῆν
726 3671 978 3735 ἐλάσειε
1045 3670 1202 3749 κάρη
1272 3672 1596 3751 ἀμφουδὶς
1662 3672 1903 3751 ἀείρας.
2017 3673 2243 3737 XVIII
2293 3674 2378 3737 90
2404 3693 2541 3755 sqq.
2610 3676 2686 3751 δὴ
2738 3677 2880 3737 τότε

538 3779 868 3857 μερμήριξε
916 3779 1243 3859 πολύτλας
1294 3785 1435 3858 δῑος
1477 3780 1867 3857 Ὀδυσσεύς,
1906 3816 1987 3828 -
2021 3782 2059 3858 ἢ
2109 3778 2368 3861 ἐλάσει’,
2420 3780 2509 3857 ὥς
2559 3801 2661 3858 μιν
2710 3785 2880 3857 ψυχὴ

537 3885 710 3947 λίποι
759 3885 902 3948 αὖθι
950 3886 1258 3966 πεσόντα,
1295 3924 1383 3964 ,-
1439 3887 1512 3964 ἠέ
1578 3907 1682 3965 μιν
1745 3886 1842 3964 ἦκ’
1910 3888 2163 3952 ἐλάσειε
2228 3888 2611 3952 τανύσσειέν
2677 3884 2729 3949 τ’
2781 3889 2884 3949 ἐπὶ

532 3991 764 4074 γαίῃῑ).
859 3991 988 4054 XX
1041 3994 1121 4055 10
1147 4012 1286 4073 sqq.
1335 3992 1546 4056 πολλὰ
1598 3994 1667 4056 δὲ
1716 3995 2049 4071 μερμήριζε
2097 3994 2255 4057 κατὰ
2304 3995 2513 4072 φρένα
2561 3996 2662 4056 καὶ
2724 3997 2880 4058 κατὰ

531 4097 757 4177 θυμόν,
809 4133 894 4142 --·
952 4100 1024 4175 ἠὲ
1079 4100 1372 4177 μεταΐξας
1430 4100 1710 4163 θάνατον
1770 4100 2044 4165 τεύξειεν
2106 4100 2363 4183 ἑκάστῃ,
2420 4138 2499 4145 -
2546 4102 2584 4178 ἢ
2644 4100 2731 4163 ἔτ’
2791 4105 2876 4181 {ris

753 4336 806 4398 1)
846 4335 1139 4406 Exempla
1176 4338 1723 4406 interrogationum
1763 4337 2267 4391 disiunctivarum
2292 4338 2380 4391 ita
2408 4343 2773 4405 comparata,
2816 4345 2873 4389 ui

537 4422 600 4475 in
637 4428 854 4477 neutro
896 4425 1163 4478 membro
1205 4425 1461 4479 verbum
1499 4426 1659 4492 insit,
1698 4430 1765 4478 ut
1796 4424 1902 4478 Od.
1942 4425 2101 4491 XIX,
2140 4426 2245 4479 296
2266 4441 2413 4494 sqq.,
2466 4441 2642 4494 quem
2683 4426 2880 4479 locum

535 4526 723 4580 supra
761 4510 840 4581 (p.
879 4512 969 4579 24)
1007 4513 1273 4579 laudavi,
1313 4514 1411 4567 hie
1450 4513 1784 4567 omittenda
1828 4529 1959 4567 esse
1997 4515 2225 4582 putavi.
