3184 4900
1457 345 1814 431 -215

461 527 699 597 nudum
749 527 1195 610 imperfectum
1243 533 1308 591 et
1355 526 1420 591 in
1467 526 1786 592 sententia
1821 527 2118 610 primaria
2166 525 2611 610 imperfectum
2661 547 2801 592 cum

464 635 543 698 ἂν
592 635 994 698 coniunctum
1045 633 1384 698 invenitur.
1481 635 1622 699 Hoc
1688 634 2132 718 imperfectum
2203 654 2344 698 cum
2412 634 2805 718 adktempus

465 760 768 824 praesens
838 742 1162 825 respiciat,
1235 762 1360 804 non
1429 740 1623 806 facile
1693 742 2045 824 optativum
2118 741 2441 823 obliquum
2520 748 2667 826 post
2736 762 2805 807 se

463 848 745 913 habebit.
840 830 970 914 Sed
1022 869 1282 934 perrara
1331 855 1474 913 sunt
1523 849 1817 932 exempla
1867 848 2138 932 optativi
2189 848 2429 930 obliqui
2477 855 2623 933 post
2678 848 2805 913 tale

462 957 904 1039 imperfectum
968 956 1176 1040 positi.
1274 955 1638 1021 Conferatis
1696 957 1883 1025 velim
1932 955 2219 1020 Platonis
2268 955 2405 1020 Cir.
2455 955 2605 1037 600,
2639 974 2703 1020 e:
2753 956 2805 1020 εἰ

464 1065 542 1142 μὴ
594 1063 869 1138 ἔπειθον,
939 1063 1119 1127 αὐτοὶ
1185 1063 1264 1125 ἂν
1331 1063 1841 1143 ἐπαιδαγώγουν,
1912 1062 2037 1146 ὅπῃ
2105 1065 2323 1144 ᾔεσαν,
2390 1063 2514 1140 ἕως
2568 1063 2802 1140 ἱκανῶς

463 1171 752 1248 παιδείας
803 1171 1217 1250 μεταλάβοιεν
1237 1174 1305 1249 1).
1401 1170 1645 1248 Quibus
1692 1172 1880 1234 rebus
1936 1169 2246 1253 expositis
2307 1168 2512 1233 adn.
2564 1170 2626 1233 X
2675 1171 2805 1233 224

462 1286 875 1349 revertamur.
974 1278 1247 1342 Homero
1305 1279 1500 1359 igitur
1560 1298 1674 1361 pro
1732 1277 1801 1361 ἔῃ
1869 1277 2148 1342 scribere
2213 1275 2499 1342 licuisset
2565 1267 2681 1358 εἴη,
2750 1278 2802 1341 si

464 1385 623 1449 haec
681 1386 886 1448 forma
943 1386 1006 1449 in
1065 1405 1314 1450 versum
1373 1391 1633 1468 propter
1691 1391 1953 1448 metrum
2019 1383 2379 1465 quadraret.
2433 1421 2516 1428 —
2565 1382 2801 1448 Adiun-

463 1492 740 1574 gendum
775 1499 871 1557 est
904 1512 1093 1557 unum
1129 1493 1489 1576 exemplum
1523 1513 1606 1556 ex
1641 1491 1934 1576 Odyssea
1982 1492 2281 1576 petitum:
2318 1491 2473 1553 XIV
2507 1491 2634 1554 327
2664 1511 2801 1573 sqq.

461 1601 576 1662 τὸν
643 1600 699 1662 δ’
768 1600 833 1677 ἐς
901 1601 1240 1678 Δωδώνην
1305 1599 1476 1678 φάτο
1544 1599 1826 1681 βήμεναι,
1894 1598 2069 1678 ὄφρα
2134 1602 2311 1661 Θεοῖο
2359 1635 2443 1643 ——
2493 1599 2561 1661 ἐκ
2607 1600 2801 1676 δρυὸς

465 1707 806 1784 ὑψικόμοιο
862 1708 1026 1786 Διὸς
1092 1710 1329 1786 βουλὴν
1386 1706 1737 1789 ἐπακούσῃ,
1789 1743 1873 1752 --
1924 1706 2151 1782 ὅππως
2214 1707 2503 1788 νοστήσῃ
2556 1705 2802 1784 Ἰθάκης

463 1814 530 1892 ἐς
601 1815 793 1878 πίονα
864 1818 1082 1892 δῆμον.
1208 1815 1419 1891 Verbo
1492 1815 1780 1897 νοστήσῃ
1854 1815 1950 1877 vis
2022 1812 2325 1896 temporis
2390 1812 2589 1877 futuri
2660 1813 2803 1877 sub-

467 1921 636 1986 iecta
685 1928 800 1986 est.
2161 1978 2167 1982 -

676 2030 736 2107 c)
787 2029 1040 2092 Tertius
1073 2028 1298 2092 modus
1329 2021 1625 2111 denique,
1679 2029 1786 2109 qui
1835 2029 1897 2092 in
1949 2027 2556 2110 interrogationibus
2594 2026 2802 2091 locum

463 2133 676 2213 habet,
726 2139 842 2213 est,
893 2141 961 2198 ut
1009 2155 1201 2219 supra
1250 2135 1547 2216 diximus,
1622 2136 1948 2222 optativus
1998 2155 2138 2199 cum
2190 2135 2269 2198 ἂν
2317 2133 2452 2198 sive
2500 2135 2608 2198 κὲν
2658 2154 2802 2199 con-

460 2243 731 2307 iunctus.
827 2243 1030 2308 Unum
1100 2244 1459 2327 exemplum
1499 2228 1655 2307 ‘huc
1723 2242 2128 2307 afferendum
2197 2248 2292 2305 est
2355 2241 2428 2305 ll.'
2485 2241 2580 2304 IX
2650 2241 2799 2306 680.

462 2349 661 2413 αὐτόν
708 2365 784 2414 σε
831 2351 1188 2429 φράζεσθαι
1236 2352 1306 2414 ἐν
1352 2351 1727 2429 Ἀργείοισιν
1776 2349 2042 2426 ἄνωγεν,
2092 2381 2188 2394 -—·
2226 2348 2453 2425 ὅππως
2503 2368 2609 2412 κεν
2642 2348 2801 2427 νῆάς
2846 2349 2850 2351 ’

460 2479 527 2521 τε
575 2458 753 2540 σόῳς
801 2460 900 2521 καὶ
951 2460 1110 2522 λαὸν
1158 2458 1450 2536 Ἀχαιῶν.
1545 2460 1842 2533 ⁴Formam
1895 2458 2071 2540 σόῳς
2107 2456 2295 2541 pauci
2332 2455 2589 2521 codices
2621 2477 2798 2540 prae·

463 2566 642 2642 bent3
696 2566 976 2630 Venetus
1025 2568 1080 2629 A
1130 2586 1268 2629 cum
1321 2566 1751 2650 compluribus
1780 2563 1942 2629 'aliis
1974 2564 2169 2628 habet
2203 2564 2365 2646 σόῃς
2415 2564 2542 2641 (vel
2582 2565 2797 2643 σόης);

460 2673 650 2755 pauci
699 2671 1002 2736 exhibent
1050 2674 1275 2756 σωσῃς
1325 2674 1428 2737 vel
1477 2674 1681 2750 σόοις.
1720 2677 1732 2686 ‘
1779 2673 2188 2737 Aristarchus
2244 2672 2456 2754 posuit
2511 2678 2686 2756 σοῷς
2738 2677 2802 2735 et

460 2785 659 2862 σαῷς.
756 2780 1054 2844 Nonnulli
1123 2780 1400 2844 editores
1466 2782 1874 2859 recentiores,
1942 2786 2010 2843 ut
2077 2778 2450 2855 Larochius,
2519 2778 2799 2860 Bekker,

459 2887 744 2950 Dtintzer
808 2886 1121 2951 Lobeckii
1191 2888 1638 2951 auctoritatem
1705 2889 1908 2952 secuti
1968 2887 2144 2970 σόψς
2206 2888 2271 2949 in
2329 2891 2571 2950 textum
2632 2905 2800 2949 rece-

459 3000 708 3077 perunt.
803 2995 983 3058 Haec
1032 3002 1127 3059 est
1175 2994 1380 3060 forma
1426 2996 1729 3077 optativi:
1779 3015 1859 3059 ex
1908 2995 2095 3071 σάοις
2146 2994 2308 3058 enim
2362 2993 2800 3057 contractione

459 3100 528 3163 fit
585 3107 743 3185 σῷς,
811 3106 875 3165 et
931 3100 1259 3186 epenthesi
1321 3100 1615 3166 adhibita
1664 3122 1744 3165 ex
1793 3108 1929 3185 σῷς
1980 3102 2263 3164 exoritur
2321 3100 2518 3183 σόῳς.
2617 3099 2797 3163 Haec

459 3207 900 3291 interpretatio
949 3207 1099 3272 mihi
1147 3210 1352 3291 magis
1400 3209 1615 3293 placet
1663 3229 1851 3292 quam
1901 3207 2128 3272 Caneri
2188 3206 2534 3291 explicatio
2552 3208 2621 3287 2),
2690 3205 2798 3287 qui

675 3528 726 3594 1)
767 3526 853 3582 Cf.
876 3524 1234 3595 Cavallin,
1266 3529 1356 3582 De
1378 3530 1569 3582 modis
1592 3532 1778 3596 atque
1809 3528 2180 3596 temporibus
2204 3528 2495 3580 orationis
2518 3526 2799 3594 obliquae

457 3617 620 3684 apud
660 3616 1053 3684 Herodotum,
1094 3634 1147 3687 p.
1172 3618 1235 3670 11
1277 3618 1519 3684 (Comm.
1560 3618 1757 3687 philol.
1799 3618 1890 3670 od.
1928 3617 2180 3669 Lundae
2221 3614 2799 3680 MDCCCLXXVlI).

457 3704 815 3775 MadvigiUS,
873 3722 1072 3760 reruni
1113 3710 1642 3775 grammaticarum
1685 3707 1867 3760 iudex
1898 3697 2295 3770 acutiss‘imUS,
2335 3703 2523 3773 negat
2561 3720 2624 3758 se
2663 3710 2799 3772 post

455 3795 851 3848 indicativum
908 3796 1358 3865 hypotheticum
1417 3799 1756 3865 optativum
1815 3797 2054 3849 vidisse.
2131 3793 2798 3859 (Of.Cava111n‚1.1.

456 3899 509 3953 p.
553 3884 615 3936 11
659 3885 795 3937 adn.
837 3886 907 3948 6.)
1526 3871 1532 3878 “

667 3974 721 4040 2)
763 3972 1006 4027 Cauer
1044 3975 1101 4025 in
1146 3975 1526 4043 praefatione
1565 3973 1770 4026 Iliadis
1800 3990 1853 4043 p.
1880 3972 2140 4025 XXXIII
2169 3973 2310 4025 dicit
2348 3972 2526 4025 haec:
2569 3970 2796 4037 „Etiam

455 4065 612 4116 σαόω
654 4064 822 4116 verbi
864 4064 1190 4116 nonnullae
1229 4064 1474 4129 formae,
1517 4079 1770 4132 quarum
1802 4062 1967 4116 etde
1995 4062 2304 4115 vocalibus
2334 4067 2391 4114 ct
2429 4061 2502 4114 de
2542 4064 2797 4113 accentu

454 4152 589 4205 libri
631 4166 812 4205 manu
853 4153 1058 4221 scripti
1098 4153 1254 4206 inter
1294 4168 1358 4205 se
1398 4152 1761 4220 discrepant,
1821 4153 1958 4204 olim
2005 4154 2162 4203 inter
2211 4151 2529 4204 distractas
2577 4150 2795 4202 refere-

455 4241 680 4294 bantur
744 4243 920 4295 σόωσι
959 4241 986 4293 Ι
1015 4241 1137 4304 393,
1177 4242 1296 4308 σόῳ
1336 4240 1363 4293 Ι
1390 4241 1512 4308 424,
1551 4242 1702 4309 σόως
1740 4240 1766 4292 Ι
1795 4241 1916 4293 681.
1991 4240 2103 4292 Pro
2156 4241 2240 4293 eis
2288 4239 2597 4293 Nauckius
2648 4236 2798 4303 (BPt

456 4327 542 4397 [=
565 4330 826 4383 Bulletin
867 4329 942 4384 de
979 4330 1343 4384 l'Academie
1381 4329 1693 4398 imperiale
1721 4329 1827 4382 des
1853 4330 2120 4382 sciences
2150 4330 2224 4382 de
2251 4326 2794 4393 St.-Petersbourg]

452 4421 536 4486 22,
577 4437 634 4489 p.
676 4420 766 4486 33)
820 4420 1167 4488 postulavit,
1216 4426 1274 4472 et
1323 4415 1453 4489 ipse
1501 4418 1576 4481 (a.
1626 4418 1785 4485 1877)
1844 4419 2108 4487 scripsit:
2165 4423 2362 4483 σαῶσι,
2420 4422 2562 4483 σαοῖ,
2622 4421 2794 4479 σαοῖς·

453 4508 572 4563 Sed
613 4511 901 4578 quoniam
939 4511 1280 4581 imperativi
1321 4510 1374 4575 (ν
1403 4509 1524 4563 230.
1563 4525 1597 4574 ρ
1624 4508 1748 4573 595)
1790 4515 1848 4562 et
1875 4508 2191 4561 indicativi
2221 4507 2558 4575 imperfecti
2586 4506 2664 4573 (Π
2690 4506 2795 4559 363
